3256 5144
412 404 575 452 HISTORlAE
594 404 792 453 FRANCORUM
809 404 905 452 LIBER
921 405 961 451 Vl.
1040 399 1043 406 ’
1201 405 1245 450 227

130 528 199 570 esset
211 537 224 569 e
236 521 342 595 populo,
353 521 509 585 praesertim
522 503 582 568 cum
593 527 672 584 caput
689 520 803 568 truncati
820 536 871 568 non
887 520 1055 576 inveniretur,
1071 521 1156 568 subito
1166 519 1246 568 adve-

130 584 204 632 niens
217 585 305 648 aquila
321 583 417 632 levavit
433 584 547 632 culleum
563 600 578 630 a
600 583 679 630 tundo
695 583 810 630 fluminis
829 589 854 629 et
871 582 893 629 ri
915 599 944 630 ae
961 582 1089 646 deposuit.
1108 582 1246 630 Admiran-

129 653 220 710 tesque
240 646 285 710 qui
297 647 418 702 aderant,
438 645 630 709 apprehensum
648 645 774 700 culleum,
789 645 852 692 dum
873 599 995 701 sollicite,
1009 645 1071 709 quid
1090 645 1245 700 contineret,

131 709 273 772 inquirunt,
285 714 364 772 caput
375 709 487 756 truncati
500 725 527 756 re
547 709 666 782 periunt;
676 715 701 756 et
711 708 748 756 sic
755 724 815 756 cum
825 707 932 770 reliquis
941 708 1049 755 artubus
1060 707 1245 772 estsepultum.

104 765 116 804 ⁵
130 772 196 818 Nam
209 773 294 818 lerunt
307 787 374 818 nunc
384 776 410 818 et
419 770 507 818 lumen
516 725 686 819 ilidiviniius
699 785 826 834 apparere
833 786 839 828 ;
853 775 879 816 et
891 770 912 816 si
924 770 1044 817 infirmus
1057 769 1090 817 ad
1102 769 1248 817 hoc'tumu-

131 834 185 880 lum
195 833 307 882 fideliter
319 833 473 898 deprecatus
485 833 574 891 luerit,
586 838 692 896 accepta
703 833 828 896 sospitate
838 832 943 879 recedit.

162 977 199 1023 38.
220 975 381 1023 Theodosius
397 975 558 1023 Rutenorum
577 973 729 1036 episcopus,
752 973 795 1036 qui
813 979 902 1020 sancto
922 970 1056 1034 Dallmatio
1075 979 1248 1028 successerat,
1260 966 1315 1012 Col·
1330 966 1382 1012 315·

131 1038 200 1086 diem
212 1037 285 1085 obiit.
298 1038 327 1085 ln
340 1053 391 1100 qua
404 1037 514 1084 ecclesia
525 1036 552 1084 in
564 1042 666 1084 tantum
684 1051 732 1099 pro
750 1035 901 1098 episcopatu
917 1035 1073 1084 intentiones
1089 1041 1115 1083 et
1127 1035 1251 1084 scandala

131 1106 189 1148 orta
205 1101 404 1157 convaluerunt,
425 1107 454 1147 ut
469 1115 552 1162 paene
574 1098 655 1146 sacris
677 1097 881 1145 ministeriorum
902 1099 973 1144 vasis
995 1104 1020 1145 et
1036 1097 1107 1145 omni
1128 1098 1251 1145 facultate

94 1162 117 1200 ¹0
132 1162 232 1211 meliori
245 1161 395 1210 nudaretur.
409 1161 593 1209 Verumtamen
604 1161 788 1209 Transobadus
801 1160 931 1222 presbiter
942 1159 1072 1217 reiecitur,
1087 1166 1112 1207 et
1124 1160 1251 1207 Innocen-

132 1226 182 1273 tius
197 1225 423 1274 Gaballitanorum
439 1223 520 1272 comis
533 1223 639 1286 eligitur
659 1223 691 1270 ad
708 1223 903 1285 episcopatum,
918 1222 1062 1285 opitulante
1084 1222 1252 1270 Brunichilde

131 1288 230 1362 regina.
253 1287 317 1343 Sed,
337 1287 476 1349 adsumpto
496 1285 662 1348 episcopatu,
680 1284 818 1332 confestim
843 1284 993 1332 Ursicinum
1012 1284 1251 1332 Caturcinaeurbis

131 1365 284 1412 episcopum
296 1349 419 1396 lacessire
433 1348 531 1412 coepit,
546 1347 646 1402 dicens,
670 1348 731 1410 quia
747 1347 858 1394 diocesis
879 1349 993 1395 Rutenae
1011 1347 1134 1394 ecclesiae
1150 1346 1252 1395 debitas

132 1411 261 1460 retineret.
281 1411 355 1459 Unde
372 1411 469 1458 iactum
487 1417 538 1466 est,
557 1416 598 1467 ut,
619 1410 742 1456 diuturna
758 1409 900 1456 intentione
917 1409 1059 1472 gliscente,
1081 1415 1142 1472 post
1154 1409 1253 1472 aliquot

93 1474 118 1512 15
132 1490 213 1522 annos
227 1473 379 1521 coniunctus
392 1473 544 1536 metropolis
555 1489 615 1520 cum
629 1473 683 1519 suis
696 1471 902 1534 provincialibus
919 1471 989 1534 apud
1006 1471 1099 1518 urbem
1110 1473 1253 1518 Arvernam

132 1536 249 1584 residens
263 1535 389 1584 iudicium
408 1540 555 1590 emanaret,
573 1534 672 1582 scilicet
688 1541 716 1581 ut
734 1533 901 1596 parrochias,
920 1549 985 1596 quas
997 1549 1140 1596 numquam
1158 1533 1254 1582 Rutina

131 1599 240 1646 ecclesia
256 1598 371 1646 tenuisse
385 1597 556 1655 recolebatur,
571 1597 706 1660 reciperet.
721 1596 795 1652 Quod
807 1596 844 1643 ita
857 1597 954 1643 iactum
967 1601 1014 1642 est.

162 1741 200 1786 39.
213 1739 348 1802 Remigius
359 1738 508 1801 Biturigum
519 1737 658 1801 episcopus
672 1737 744 1784 obiit.
758 1736 836 1783 Cuius
848 1742 908 1799 post
920 1735 1060 1783 transitum
1073 1736 1148 1808 gravi
1165 1736 1254 1785 incen-

132 1801 174 1848 dio
186 1817 249 1864 para
262 1801 376 1848 maxima
387 1800 501 1848 civitatis
513 1806 629 1848 cremata
641 1805 688 1860 est,
704 1799 792 1862 ibique
806 1799 853 1845 illa
866 1814 931 1860 quae
948 1797 1087 1846 hostilitati
1105 1798 1256 1846 resederant

91 1865 118 1903 2⁰
151 1864 273 1912 erierimt.
287 1865 350 1910 Post
360 1863 424 1911 haec
436 1863 567 1926 Sulpicius
579 1862 604 1908 in
613 1862 673 1923 ipsa
682 1862 746 1908 urbe
757 1860 790 1908 ad
803 1861 987 1916 sacerdotium,
1003 1860 1182 1909 Guntbramno
1195 1876 1255 1924 rege

131 1879 243 1982 lavante,
258 1926 441 1999 praeelegitur.
453 1926 517 1972 Nam
529 1941 588 1971 cum
599 1924 673 1971 multi
685 1939 792 1970 munera
802 1922 932 1977 offerrent,
944 1922 1008 1970 baec
1020 1939 1065 1969 rex
1075 1923 1255 1986 episcopatum

132 1989 316 2051 quaerentibus
333 1987 501 2050 respondisse
521 1989 626 2034 fertur:
646 2003 658 2032 (i
676 1987 732 2033 Non
753 1992 793 2033 est
815 1985 978 2048 principatus
999 1986 1082 2032 nostri
1096 1986 1255 2034 cousuetudo

133 2050 308 2098 sacerdotium
319 2050 477 2098 venumdare
489 2050 537 2096 sub
549 2049 642 2112 pretio,
652 2048 698 2094 sed
705 2064 751 2095 nec
763 2054 880 2095 vestrum
890 2064 949 2095 eum
957 2048 1081 2110 praemiis
1092 2063 1252 2120 comparare,

132 2129 163 2159 ne
176 2119 200 2160 et
211 2129 258 2159 nos
269 2113 355 2176 turpis
367 2112 434 2159 lucri
446 2112 554 2159 infamio
565 2118 694 2169 notemur,
707 2117 733 2157 et
743 2127 790 2157 vos
800 2126 876 2172 mago
888 2110 987 2157 Simoni
997 2110 1194 2172 comparamini.
1205 2111 1255 2158 Sed

91 2175 117 2214 ²5
132 2175 203 2222 iuxta
216 2175 261 2222 Dei
273 2175 447 2238 praescientia
458 2174 590 2237 Sulpicius
605 2173 679 2221 vobis
700 2173 749 2220 erit
760 2173 907 2235 episcopus.
923 2189 935 2218 ii
952 2172 984 2218 Et
1003 2172 1039 2218 sic
1052 2172 1085 2219 ad
1104 2173 1254 2221 clericatum

133 2236 274 2295 deductus,
298 2237 480 2300 episcopatum
499 2236 622 2284 ecclesiae
638 2235 803 2307 supradictae
820 2234 943 2306 suscepit.
964 2235 1010 2281 Est
1031 2235 1099 2281 enim
1119 2235 1161 2282 vir
1178 2235 1255 2282 valde

133 2299 230 2346 nobilis
240 2305 265 2346 et
283 2299 314 2346 de
327 2299 419 2372 primis
431 2298 595 2346 senatoribus
609 2298 766 2352 Galbanum,
780 2297 806 2343 iu
823 2296 918 2343 litteris
936 2297 999 2342 bene
1013 2297 1129 2344 eruditus
1142 2297 1255 2344 rhetori-

133 2361 179 2419 cis,
194 2361 221 2408 in
235 2362 350 2408 metricis
368 2377 429 2408 vero
442 2361 543 2408 artibus
566 2360 633 2406 nulli
647 2358 784 2406 secundus.
803 2358 849 2404 Hic
868 2358 994 2406 senodum
1010 2358 1096 2416 illam,
1117 2359 1158 2406 cui
1174 2375 1255 2422 supra

134 2423 310 2480 meminimus,
324 2440 372 2487 pro
385 2423 532 2487 parrochiis
546 2421 689 2469 Catorcinis
701 2421 757 2468 fieri
769 2421 937 2468 commonuit.

91 2613 118 2652 ao
176 2593 280 2659 XXVI
316 2591 393 2679 (40).
426 2594 568 2681 Legatus
598 2615 676 2655 vero
707 2590 828 2678 Oppila
856 2589 991 2656 nominc
1016 2590 1058 2654 de
1083 2591 1253 2679 Hispaniis

132 2693 281 2773 advenit,
302 2693 404 2758 multa
427 2695 576 2782 mussnera
601 2692 792 2780 Chilpcrico
814 2693 884 2782 regi
906 2692 1072 2757 deferens.
1101 2690 1251 2757 Timebat
1263 2699 1316 2748 Col·
1331 2703 1384 2749 316.

131 2793 220 2858 enim
241 2819 298 2859 rex
316 2795 555 2883 Hispanorum,
576 2819 618 2858 ne
640 2793 877 2859 Childebertus
893 2793 1074 2858 exercitum
1091 2795 1132 2858 ab
1149 2794 1250 2859 ulcis·

131 2897 270 2962 cendam
289 2898 411 2961 sororis
431 2921 508 2961 suae
529 2897 685 2961 iniuriam
708 2907 948 2974 commoveret,
968 2892 981 2985 ΙΙ
995 2895 1071 2984 quia
1089 2896 1313 2986 Leuvigil-Foi.
1334 2909 1371 2954 93.

129 2999 191 3063 dus
207 2999 472 3086 adpraehensum
486 2999 591 3063 filium
603 3023 697 3064 suum
709 2997 1016 3087 Hermenegilduni,
1030 2998 1087 3086 qui
1102 3021 1249 3064 sororem

56 3130 60 3140 ·
88 3125 114 3164 ιι
130 3100 363 3164 Childeberthi
391 3100 479 3190 regis
505 3100 688 3190 acciperat,
715 3111 897 3164 retruserat
922 3099 957 3163 in
984 3100 1153 3180 custodia,
1177 3103 1249 3189 ipsa

128 3203 259 3267 mulieri
279 3226 353 3266 cum
378 3203 514 3267 Graecis
540 3202 700 3268 relictam.
728 3203 833 3292 Igitur
854 3227 928 3267 cum
949 3202 1003 3266 die
1028 3215 1144 3267 sancto
1172 3227 1247 3291 pas·

128 3305 210 3368 chae
244 3303 298 3368 hic
327 3304 456 3394 legatus
491 3307 643 3387 Toronus
673 3304 880 3383 advenisset,
916 3302 1075 3368 sciscitati
1115 3329 1244 3383 sumus,

126 3417 237 3470 utrum
271 3419 405 3470 nostrae
441 3405 613 3496 religionis
653 3419 752 3471 esset.
791 3409 866 3494 lpse
897 3407 961 3469 hoe
995 3405 1132 3470 credere
1156 3408 1245 3495 quod

128 3507 313 3573 catholicae
343 3507 497 3572 credunt.
528 3510 656 3573 Exinde
682 3509 869 3594 procedens
895 3509 1069 3572 nobiscum
1095 3509 1135 3571 ad
1162 3510 1245 3575 ecle-

85 3608 226 3688 40siam,
255 3610 429 3674 missarum
454 3609 627 3676 sollemnia
657 3613 784 3689 tenuit3
813 3610 871 3675 sed
897 3634 1005 3698 neque
1037 3634 1152 3698 pacem
1171 3635 1244 3676 cum

126 3711 249 3776 nostris
282 3711 361 3775 iecit
397 3737 505 3803 neque
541 3714 582 3777 de
623 3711 793 3778 sacrificiis
835 3712 938 3777 sacris
975 3713 1240 3779 communicavit.

126 3812 372 3904 Cognitumque
407 3828 458 3880 est
494 3815 650 3880 mendum
689 3839 780 3893 esse,
814 3814 903 3904 quod
933 3815 1063 3880 dixerat
1095 3839 1130 3879 se
1170 3840 1243 3881 esse

126 3916 337 3982 catholicum.
374 3918 605 3983 Nihilomenus
637 3917 678 3980 ad
716 3916 902 3982 convivium
935 3917 1092 3982 invitatus
1124 3917 1239 3982 adfuit.

126 4022 275 4108 Cumque
294 4042 355 4110 ego
378 4019 541 4084 sollicitus
558 4018 781 4108 requirerem,
808 4021 888 4108 quid
911 4019 1079 4098 crederet,
1103 4043 1242 4109 respon-

84 4148 111 4186 ιι
125 4122 199 4186 dit:
227 4149 243 4184 ιι
263 4123 371 4187 Credo
395 4125 526 4187 Patrem
547 4134 580 4186 et
598 4121 718 4187 Filium
738 4133 772 4186 et
789 4120 950 4211 Spiritum
974 4134 1123 4186 sanctum
1144 4120 1241 4188 unius

126 4249 198 4290 esse
218 4224 360 4290 virtutis.
391 4253 408 4287 »
440 4227 501 4291 Cui
524 4248 585 4314 ego
611 4223 769 4312 respondi
797 4250 802 4286 :
827 4251 843 4286 a
866 4225 902 4290 Si
921 4225 1020 4304 haec,
1043 4237 1078 4288 ut
1098 4223 1238 4304 asseris,
