3256 5144
403 379 569 433 HISTORIAE
586 378 788 432 FRANCORUM
805 379 902 432 LlBEll
919 380 948 430 V.
1191 385 1233 434 tel

112 498 155 549 bet
167 515 290 564 rapacem
302 501 417 563 praedis,
432 500 569 563 turgidum
581 499 658 556 rixis,
672 499 809 548 adulteriis
827 499 994 547 lutulentum.
1013 499 1064 547 Ubi
1082 501 1235 550 seminando

113 563 258 612 discordias
276 569 301 610 et
312 563 448 610 inferendo
467 562 613 610 calumnias
634 577 686 608 non
705 561 821 609 modicos
836 561 974 608 thesauros
991 561 1155 625 adgregavit.
1174 564 1236 612 Post

112 625 286 674 obitum.ver0
302 623 477 680 Chariberthi,
491 640 550 671 cum
565 625 592 670 in
608 623 733 686 Sigiberti
750 629 819 672 sorte
836 624 929 672 civitas
941 624 989 671 illa
1007 625 1130 684 venisset,
1148 632 1235 674 trans-

113 694 190 735 eunte
207 703 236 734 eo
252 687 285 734 ud
302 686 495 750 Chilpericum,
509 686 597 734 omnia
607 701 673 748 quae
685 686 772 794 inique
786 685 978 748 adgregaverat
989 702 1004 733 a
1016 687 1138 734 fidelibus
1150 688 1236 736 nomi-

4 795 6 812 ,
86 759 99 798 5
113 749 168 798 nati
178 749 248 812 regis
260 749 365 812 direpta
377 755 444 796 suut.
459 748 619 797 Pervadente
629 748 712 810 igitur
744 747 871 810 hilperico
883 764 945 810 rege
957 764 1004 812 per
1017 749 1235 808 Theodobertum,

114 812 199 860 filium
214 827 305 865 suum,
319 811 412 858 urbem
430 810 600 866 Taronicam,
614 826 674 857 cam
690 809 743 856 iam
755 825 804 872 ego
821 811 941 856 Turonas
954 811 1132 870 advenissem,
1145 813 1209 860 mihi
1220 829 1237 860 α

116 873 296 921 Theodoberto
310 879 414 920 strenue
427 873 632 930 commendatur,
647 873 783 919 utseilicet
792 872 953 928 comitatum,
985 889 1043 920 uem
1056 875 1131 936 prius
1141 875 1237 924 habuc·

115 941 168 992 rat,
183 936 320 998 potiretur.
332 935 444 982 Multum
457 951 483 982 se
493 934 569 982 nobis
582 935 709 982 humilem
722 934 908 997 subditumque
918 889 1056 992 reddebat,
1070 936 1160 984 iurans
1178 953 1236 988 sae-

115 999 175 1060 pius
188 1014 268 1060 super
280 997 450 1060 sepulchrum
461 997 545 1044 sancti
556 997 690 1053 antistitis,
702 1013 846 1060 numquam
858 1011 885 1043 se
898 1002 989 1044 contra
1001 998 1111 1045 rationis
1119 999 1237 1047 ordinem

75 1069 101 1108 ιο
116 1075 172 1108 csse
184 1066 325 1108 venturum
338 1075 416 1122 seque
429 1059 557 1106 mihitam
571 1059 597 1105 in
605 1059 692 1106 causis
703 1059 818 1122 propriis
829 1075 908 1121 quam
920 1059 946 1104 in
957 1059 1081 1106 ecclesiae
1093 1061 1237 1109 necessita·

115 1121 185 1170 tibus
198 1123 226 1170 in
238 1122 361 1170 omnibus
374 1137 431 1168 esse
441 1121 554 1168 fidelem.
570 1121 690 1168 Timebat
704 1121 782 1176 enim,
798 1120 867 1183 quod
880 1125 972 1182 postea
986 1122 1085 1177 evenit,
1098 1138 1130 1169 ne
1144 1123 1237 1170 urbem

116 1185 190 1231 illam
199 1185 295 1232 iterum
310 1199 355 1231 rex
369 1184 517 1246 Sigihertus
531 1183 558 1230 in
573 1200 620 1230 suo
634 1183 749 1232 dominio
763 1188 904 1234 revocaret.
919 1181 976 1238 Quo
993 1183 1128 1240 defuneto,
1147 1201 1237 1232 succe·

117 1245 192 1294 dente
203 1246 300 1293 iterum
312 1246 370 1293 Chil
392 1245 460 1293 erico
470 1245 497 1292 in
507 1261 596 1308 regno,
610 1246 659 1292 iste
667 1245 852 1293 incomitatum
864 1244 971 1294 accedit.
982 1243 1141 1294 Adveniente
1150 1254 1238 1294 autem

118 1309 237 1356 Turonas
254 1261 415 1364 ltlerovecho,
436 1323 526 1354 omnes
545 1324 586 1355 res
608 1308 664 1354 eius
685 1323 767 1371 usque
786 1321 871 1370 uaqae
890 1306 1008 1369 diripuit.
1032 1307 1084 1354 Sed
1098 1309 1149 1364 hie,
1175 1310 1238 1358 dum

78 1384 103 1424 15
118 1370 266 1434 sigibertus
276 1371 341 1417 duos
355 1387 437 1417 annos
448 1371 567 1417 Turonas
579 1371 670 1424 tenuit,
684 1371 727 1418 hic
741 1371 767 1416 in
803 1368 917 1416 rittaniis
929 1369 1014 1416 latuit.
1029 1369 1091 1426 Qui,
1107 1371 1235 1430 adsumto,

118 1439 146 1480 ut
158 1432 282 1488 diximus,
295 1433 434 1489 comitatu,
458 1432 485 1478 in
501 1433 549 1479 tali
565 1432 671 1480 levitate
687 1434 771 1480 elatus
788 1437 840 1488 est,
855 1437 884 1478 at
899 1430 927 1478 in
947 1429 1024 1478 domo
1042 1433 1166 1482 ecclesiae
1178 1450 1238 1482 cum

118 1495 250 1543 toracibas
263 1501 341 1557 atque
350 1493 453 1550 loricis,
465 1495 629 1556 praecinctus
642 1496 767 1558 pharetra
780 1499 805 1540 et
817 1499 922 1541 contum
934 1509 1013 1540 manu
1028 1510 1135 1556 gerens,
1151 1497 1238 1560 capite

117 1557 221 1628 galeato
232 1556 422 1619 ingrederetur,
437 1557 468 1602 de
478 1557 551 1603 nullo
569 1573 689 1612 securus,
707 1557 769 1620 quia
781 1555 903 1604 omnibus
920 1562 977 1603 erat
993 1557 1129 1605 adversus.
1147 1559 1238 1606 Iamsi

117 1635 144 1665 ru
154 1618 250 1665 iudicio
263 1635 322 1666 cum
333 1618 479 1667 senioribus
490 1618 530 1665 vel
541 1618 615 1666 laicis
625 1620 668 1666 vel
678 1618 780 1666 clericis
793 1619 935 1666 resedisset
947 1624 972 1664 et
984 1618 1094 1667 vidisset
1106 1619 1238 1668 hominem

76 1694 103 1732 ru
117 1679 245 1728 iustitiam
262 1687 478 1743 prosequentem,
498 1680 619 1744 protinus
636 1681 765 1743 agebatur
781 1680 808 1728 in
827 1681 923 1736 turias,
941 1680 1063 1728 ructabat
1079 1681 1196 1730 convicia
1211 1683 1238 1731 in

117 1742 232 1800 civibus,
243 1743 405 1806 presbiteros
418 1743 527 1790 manicis
540 1742 648 1790 iubebat
658 1743 772 1798 extrahi,
785 1742 881 1790 milites
895 1741 1009 1790 fustibus
1018 1743 1165 1801 verberari;
1179 1751 1239 1792 tan-

118 1811 223 1868 tumque
244 1805 368 1853 utehatur
394 1803 584 1861 crudelitatem,
606 1811 635 1852 ut
655 1805 699 1852 vix
721 1804 814 1852 reterri
841 1804 935 1866 possit.
962 1805 1127 1868 Dislleedents
1152 1812 1240 1854 autem
1250 1807 1305 1862 (101.
1319 1809 1371 1857 262.

118 1866 284 1922 Mcrovecho,
298 1867 395 1930 quires
405 1867 461 1914 eius
471 1867 618 1929 diripuerat
629 1867 705 1914 nobis
719 1866 893 1914 calumniator
901 1865 1000 1923 existit,
1014 1866 1151 1926 adserens,
1166 1869 1240 1917 lalla-

119 1929 182 1976 citer
194 1929 378 1976 Merovechum
390 1935 479 1978 nostro
492 1945 570 1976 usum
581 1929 691 1977 consilio
701 1966 706 1986 ,
718 1935 748 1976 ut
761 1944 803 1976 res
814 1928 869 1976 eius
881 1929 1003 1976 auferret.
1018 1929 1069 1976 Sed
1101 1937 1142 1978 ost
1157 1930 1240 1979 inlata

77 1999 105 2039 25
120 1991 215 2038 damna
224 1991 302 2038 iterat
315 1991 410 2038 iterum
424 1998 587 2039 sacramenta
616 1992 748 2055 ullamque
759 1989 891 2054 sepulchri
904 1991 975 2038 beati
987 1991 1093 2040 Martini
1106 1992 1241 2042 fideiusso-

120 2069 174 2101 rem
186 2054 276 2110 donat,
290 2069 317 2100 se
327 2053 403 2101 nobis
416 2069 558 2116 numquam
571 2070 586 2100 α
606 2059 781 2102 versaturum.

150 2196 189 2242 ¹49.
201 2194 252 2242 Sed
265 2195 327 2257 qaia
343 2195 386 2242 lon
407 2211 451 2242 um
471 2202 510 2242 est
523 2212 571 2259 per
589 2196 707 2243 ordinem
725 2195 850 2260 prosequi
867 2195 983 2258 periuria
996 2196 1037 2244 vel
1055 2197 1157 2261 reliqua
1172 2198 1241 2246 mala

121 2257 190 2312 eius,
210 2257 345 2304 veniamus
366 2274 380 2304 a
415 2257 495 2313 illud,
515 2258 628 2321 qualiter
646 2259 787 2308 mavoluit
805 2258 902 2320 iniquis
922 2274 952 2305 ac
973 2259 1080 2307 nefariis
1102 2261 1241 2309 calumniis

123 2319 301 2382 supplantare,
315 2319 357 2366 vel
366 2320 480 2384 qualiter
491 2320 583 2367 ineum
594 2320 659 2368 ultio
670 2320 760 2368 divina
771 2318 914 2374 descendit,
922 2326 950 2366 ut
962 2320 1028 2366 illud
1037 2321 1239 2393 adimpleretur:

81 2388 108 2426 30
123 2379 209 2429 Omnis
226 2380 394 2444 subplantare
413 2381 693 2444 szctplantatitur15et
710 2383 825 2429 iterum:
846 2380 896 2445 Qui
907 2381 1198 2444 soditsoveam,1ncidit
1215 2384 1241 2432 iu

122 2445 178 2490 σαι.
190 2443 275 2506 Igitur
284 2449 345 2508 post
361 2443 443 2492 multa
457 2445 526 2491 mala
539 2461 604 2508 quac
620 2445 647 2492 iu
663 2461 703 2491 mc
719 2445 835 2516 meisque
852 2443 954 2499 intulit,
974 2450 1035 2507 post
1048 2445 1144 2492 multas
1157 2446 1242 2520 direp-

121 2507 205 2553 tiones
216 2520 305 2552 rerum
321 2505 571 2563 ecclesiasticarum,
581 2506 703 2554 adiuncto
717 2507 767 2553 sibi
778 2505 880 2554 Rreulfo
888 2506 1034 2568 presbitero
1049 2507 1128 2554 simili
1142 2508 1243 2556 malitia

122 2579 260 2631 perverso,
286 2567 319 2615 ad
337 2568 386 2614 hoc
400 2568 501 2631 erupit,
521 2574 549 2615 ιιι
566 2569 676 2625 diceret,
692 2584 732 2615 me
745 2568 844 2614 crimen
860 2567 887 2614 in
906 2567 1105 2630 Fredeguudem
1123 2571 1243 2633 reginam

122 2629 234 2686 dixisse:
253 2630 390 2688 adserens,
409 2630 431 2677 si
448 2629 647 2678 archidiaconus
662 2645 735 2677 meus
750 2630 824 2678 Plato
838 2636 882 2676 aut
896 2629 1024 2678 Galienas
1038 2631 1137 2679 amicus
1155 2639 1243 2681 noster

82 2699 108 2736 ³5
123 2692 292 2740 subdirentur
304 2708 414 2754 poenae,
433 2693 613 2740 convincerent
627 2693 768 2755 mentique
784 2692 848 2739 haec
861 2692 985 2739 locutum.
1000 2691 1071 2740 Tunc
1084 2709 1129 2740 rex
1143 2694 1242 2749 iratus,

123 2761 151 2801 ul
163 2753 375 2818 supradiximus,
388 2755 466 2802 iussit
476 2771 535 2803 eum
546 2771 582 2818 pu
603 2756 642 2801 nis
653 2755 821 2818 calcibusque
831 2770 937 2801 caesum
947 2760 1133 2818 oneratumque
1145 2757 1243 2804 catenis

123 2817 223 2864 recludi
241 2817 269 2863 in
285 2833 424 2864 carcerem.
444 2819 510 2865 Num
524 2772 655 2866 Ricullum
673 2817 796 2864 clericum
816 2832 843 2864 se
858 2816 955 2864 hahere
972 2816 1090 2874 dicebat,
1107 2834 1243 2881 perquem

123 2879 188 2926 haec
197 2878 299 2926 locutus
314 2879 413 2926 luisset.
427 2880 474 2927 llic
486 2896 547 2928 vero
559 2880 678 2928 Ricullus
692 2879 868 2926 subdiaconus
882 2878 962 2925 simili
978 2878 1084 2926 levitate
1094 2880 1241 2943 perfacilis,

124 2946 183 2988 ante
196 2941 245 2988 hoe
258 2954 325 2988 anno
338 2941 447 2989 consilio
460 2958 519 2988 cum
530 2940 657 2989 Leudaste
670 2941 701 2988 de
716 2941 765 2988 hae
777 2955 857 2988 causa
868 2940 973 2998 habito,
985 2957 1079 2988 causas
1091 2941 1243 2989 offensionis

83 3015 109 3054 ta
124 3003 247 3066 requirit,
260 3002 355 3067 quibus
366 3001 466 3051 scillcet
478 3019 518 3050 mc
531 3003 628 3050 offenso
643 3003 676 3050 ad
693 3001 849 3050 Leudastcm
864 3003 1002 3061 transiret;
1019 3003 1171 3067 nanctisque
1185 3010 1244 3052 tan·

123 3064 196 3120 dom,
207 3065 296 3128 ipsum
309 3063 403 3122 adivit,
415 3081 444 3113 ae
454 3081 501 3140 per
513 3081 615 3112 menses
626 3071 749 3129 quattuor
759 3065 833 3112 dolos
846 3080 935 3112 omnes
949 3079 979 3112 aa
991 3065 1153 3128 muscipulas
1185 3081 1243 3113 rae·

124 3133 245 3190 paratas,
263 3127 354 3174 adme
374 3143 510 3191 cumipse
533 3126 660 3174 Leudaste
679 3126 827 3182 revertitur,
848 3125 1004 3190 deprecans,
1023 3133 1051 3174 ut
1063 3143 1122 3175 eum
1135 3083 1244 3175 debeam

124 3189 240 3262 recipere
252 3195 412 3236 excusatum.
426 3189 500 3246 Feci,
518 3191 608 3244 fateor,
628 3195 653 3236 et
669 3187 798 3236 occultum
815 3187 918 3236 hostem
934 3186 1039 3251 publice
1051 3189 1078 3236 in
1095 3189 1172 3236 domo
1184 3205 1243 3237 sus-

124 3267 190 3314 ecpr.
202 3249 355 3298 Discedente
372 3263 433 3299 vero
448 3251 588 3308 Leudaste,
605 3251 662 3314 ipse
677 3267 703 3297 se
715 3249 827 3314 pedibus
840 3250 904 3297 meis
918 3250 1022 3308 sternit,
1037 3250 1125 3298 dicens
1140 3266 1170 3299 :u
1188 3251 1244 3299 Nisi

82 3325 109 3364 45
125 3329 263 3362 succurras
276 3313 406 3370 velociter,
422 3313 556 3386 periturus
573 3329 640 3360 sum.
656 3313 734 3369 Ecce,
752 3312 895 3374 instigante
912 3312 1053 3369 leudaste,
1070 3313 1172 3360 locutus
1186 3329 1245 3360 sum

123 3374 193 3438 quod
206 3374 276 3438 loqui
289 3391 340 3422 non
351 3375 441 3422 debui!
455 3377 528 3422 Nunc
540 3391 601 3422 vero
617 3374 676 3422 aliis
689 3391 729 3422 me
746 3375 834 3438 regnis
849 3374 950 3431 emitte;
965 3374 1034 3437 quod
1053 3374 1104 3421 nisi
1118 3375 1217 3432 leceris,
1229 3391 1245 3422 a

124 3437 259 3510 regalibus
272 3437 488 3500 comprehensus,
503 3437 627 3484 mortales
645 3453 743 3501 poenas
759 3453 817 3483 sum
833 3436 959 3484 lueturus.
973 3453 983 3482 u
999 3436 1046 3483 Cui
1058 3453 1107 3510 ego
1117 3437 1175 3485 aio:
1191 3453 1203 3484 e
1217 3437 1244 3486 Si

124 3499 187 3562 quid
200 3499 374 3562 incongruum
387 3499 482 3547 rationi
495 3499 588 3546 effatus
602 3515 642 3555 es,
662 3513 747 3546 sermo
759 3504 820 3545 tuus
834 3498 860 3544 in
872 3505 951 3562 caput
963 3505 1038 3546 tuum
1050 3505 1111 3557 er1t3
1123 3515 1184 3548 nam
1197 3515 1244 3562 ego

126 3561 221 3626 allltero
236 3568 262 3608 te
280 3575 362 3624 regno
382 3578 433 3609 non
449 3561 563 3618 mittam,
582 3577 613 3608 ne
631 3566 768 3624 suspectus
789 3559 889 3608 habear
901 3577 990 3608 coram
1008 3577 1077 3624 rege.
1093 3577 1105 3608 a
1118 3563 1181 3610 Post
1194 3561 1246 3608 ista
1256 3561 1311 3610 Col.
1325 3563 1379 3609 26³.

81 3635 111 3674 50
126 3622 268 3672 Leudastes
290 3624 375 3671 extitit
394 3630 530 3672 accusator
551 3623 620 3678 eius,
646 3623 748 3680 dicens,
774 3638 906 3670 sermones
927 3622 980 3670 iam
1004 3623 1087 3670 dictos
1107 3640 1122 3671 a
1143 3623 1245 3671 Rieullo

125 3685 232 3734 audisse
257 3686 425 3734 subdiacono.
445 3688 477 3733 At
495 3686 540 3733 ille
558 3685 655 3732 iterum
675 3683 789 3742 vinctus,
810 3685 925 3732 relaxato
947 3685 1088 3742 Leudaste,
1112 3684 1245 3733 custodiae

125 3747 275 3811 deputatur,
289 3747 392 3802 dicens,
410 3748 547 3797 Galienum
564 3746 655 3794 cadem
678 3746 719 3793 die
738 3751 763 3794 et
782 3747 916 3794 Platonem
933 3746 1144 3795 archidiaconem
1165 3745 1246 3794 luisse

124 3816 286 3883 praesentes,
312 3826 371 3856 cam
387 3810 452 3858 haee
471 3815 510 3856 cst
527 3809 666 3872 episcopas
685 3809 810 3855 elocutus.
830 3809 880 3856 Sed
898 3809 1016 3857 Ricullus
1038 3809 1177 3873 presbiter,
1202 3809 1247 3871 qui

124 3887 178 3919 ram
193 3871 397 3934 promissionem
413 3873 445 3918 de
457 3872 544 3935 opisco
566 3877 610 3918 atu
624 3888 639 3919 a
650 3870 777 3917 Leudaste
790 3869 917 3927 habebat,
937 3871 964 3918 in
978 3877 1079 3919 tantum
1092 3871 1175 3920 elatus
1190 3871 1246 3916 lue-

66 3948 98 3985 55
114 3939 170 3991 rat,
184 3939 214 3980 ιιι
233 3933 318 3996 magis
330 3933 444 3981 Simonis
461 3889 587 4042 superbia
604 3939 768 3996 aequaretur.
790 3932 839 3987 Qui
852 3933 929 3980 tertio
946 3940 991 3980 aut
1013 3949 1042 3979 co
1056 3932 1170 3996 amplius
1183 3931 1247 3979 mihi

124 4003 318 4044 sacramentum
335 4012 415 4059 super
428 4011 490 4058 sepa
504 3995 597 4042 chrum
608 3995 691 4042 sancti
703 3993 808 4041 Martini
821 3995 936 4050 dederat,
951 3995 977 4041 in
989 3995 1029 4040 die
1048 4002 1120 4044 sexta
1132 3994 1246 4058 paschae

123 4058 149 4104 in
161 4062 265 4104 tantum
277 4073 317 4104 me
330 4057 454 4104 conviciis
467 4063 512 4104 ets
534 4057 585 4104 utis
597 4056 659 4119 egit,
668 4063 697 4104 ut
709 4057 752 4102 vix
762 4056 884 4104 manibus
892 4062 1058 4120 temperaret,
1069 4057 1137 4103 lidus
1149 4055 1248 4102 scilicet

124 4118 179 4168 doli
192 4135 270 4182 quem
282 4125 497 4183 praeparaverat.
510 4073 539 4166 lh
556 4119 672 4166 crastina
686 4125 772 4166 autem
785 4119 842 4175 die,
856 4118 882 4164 id
896 4125 935 4165 est
952 4118 1056 4166 sabbati
1068 4118 1094 4164 iu
1111 4117 1171 4180 ipsa
1183 4133 1247 4180 pas-

158 4274 178 4322 1.
198 4275 291 4322 lerem.
303 4276 331 4331 9,
347 4275 369 4321 l.
389 4302 419 4310 -
436 4273 458 4320 2.
477 4273 554 4322 Prov.
569 4275 613 4332 26,
626 4273 663 4320 27.
