3220 5158
308 383 309 392 ἵ
358 404 386 450 78
642 402 799 454 cursuali
816 399 1023 450 'tunonensis
1040 401 1190 450 episcopi

359 499 586 587 Theudoricus
611 520 652 584 ad
669 517 839 608 propriam
857 530 908 582 est
926 540 1088 582 reversus.
1109 517 1268 583 Protinus
1290 519 1473 584 Hermene÷

357 623 470 688 fredus
488 622 611 688 oblitus
638 620 716 686 fidei
734 645 832 702 snae,
858 620 948 709 quod
968 619 1039 710 regi
1062 619 1272 686 Theodorico
1297 621 1474 712 indulgere

357 724 526 814 pollicitus
559 738 627 804 cst,
654 722 793 811 implere
826 721 988 810 dispexit,
1019 724 1183 812 hortaque
1213 735 1264 788 est
1294 723 1382 789 inter
1414 749 1474 788 cos

358 827 495 918 grandis
512 825 698 895 inimicitia.

400 1011 438 1076 V.
461 1009 566 1099 Igitur
580 1020 711 1074 mortuo
727 1007 957 1088 Gundobado,
980 1031 1119 1098 regnum
1136 1007 1207 1072 eius
1227 1008 1499 1100 Sygismnnduss

357 1110 445 1178 fitius
462 1110 626 1190 obtenuit,
637 1108 1176 1200 monasteriumqueAgaunensim
1192 1110 1322 1176 sollerti
1340 1114 1473 1178 curam1

358 1238 432 1278 cum
449 1213 603 1279 domibus
620 1211 835 1301 basilicisque
846 1211 1050 1291 aedificavit;
1066 1211 1122 1301 qui
1140 1212 1305 1301 perditam
1328 1216 1475 1303 priorem

358 1317 553 1408 coniugem,
583 1316 684 1381 filiam
717 1313 917 1382 Theudorici
943 1314 1033 1406 regis
1055 1314 1179 1396 Italici,
1209 1316 1250 1380 de
1277 1341 1341 1406 qua
1369 1316 1476 1384 filium

358 1423 503 1486 habebat
515 1421 649 1485 nomine
667 1417 867 1508 Sygiricum,
881 1417 977 1482 eliam
993 1418 1088 1482 duxit
1100 1442 1249 1500 uxorem,
1263 1444 1346 1508 quae
1364 1420 1475 1486 valide

359 1537 474 1590 eontra
491 1523 594 1589 filium
608 1522 695 1601 eius,
718 1520 804 1586 sicut
826 1545 1043 1586 novercarum
1061 1545 1132 1585 mos
1151 1534 1220 1600 est,
1238 1522 1420 1614 malignare
1436 1547 1473 1589 ac
1490 1549 1516 1588 10
1604 1531 1605 1586 l

360 1626 583 1695 scandalizare
602 1626 722 1716 coepit.
746 1623 843 1691 Unde
862 1625 985 1689 factum
1004 1636 1073 1704 est,
1099 1637 1135 1690 ut
1156 1649 1222 1688 una
1245 1625 1476 1716 sollempnita-

358 1745 428 1798 tum
442 1731 513 1811 die,
533 1755 607 1795 oum
621 1753 704 1818 puer
715 1752 815 1816 super
833 1751 904 1792 eam
918 1726 1116 1792 vestimenta
1131 1725 1245 1793 matris
1260 1743 1472 1816 agnusceret,

360 1847 544 1902 commotus
562 1833 638 1898 felle
657 1832 785 1897 diceret
803 1831 845 1896 ad
865 1855 955 1895 eam:
976 1857 992 1894 u
1005 1833 1079 1897 Non
1098 1831 1187 1895 enim
1209 1855 1282 1896 eras
1300 1831 1420 1921 digna,
1440 1846 1476 1898 nt

225 1949 280 1998 Col.
296 1950 347 1996 108·
360 1941 442 2004 haec
473 1938 668 2003 indumenta
700 1948 755 2000 tua
788 1947 890 2026 terga
914 1931 1161 2024 contegellrent,
1200 1958 1284 2024 quae
1319 1935 1475 2002 dominae

240 2055 295 2101 For.
310 2055 346 2100 33.
360 2054 435 2107 tuae
447 2041 461 2132 {l
478 2041 512 2106 id
526 2053 576 2105 est
590 2037 704 2104 matris
722 2061 826 2116 meae,
845 2035 945 2101 fuisse
968 2047 1163 2102 noscuntur.
1192 2064 1209 2099 n
1223 2037 1266 2102 At
1284 2037 1342 2102 illa
1361 2038 1472 2104 furore
1488 2064 1513 2102 15
1604 2111 1605 2120 χ

360 2167 531 2224 succensa,
548 2142 686 2233 instigat
695 2139 805 2205 verbis
821 2138 947 2204 dolosis
960 2138 1067 2204 virum
1084 2164 1198 2219 suum,
1215 2139 1331 2206 dicens
1354 2168 1360 2204 :
1378 2169 1395 2203 u
1412 2141 1474 2208 Hie

358 2248 492 2339 iniquus
510 2270 649 2336 regnum
666 2256 760 2308 tunm
776 2240 949 2331 possidere
965 2239 1146 2322 desideret,
1169 2254 1268 2331 teque
1282 2242 1472 2324 interfecte,

359 2377 434 2424 eum
456 2373 562 2439 usque
589 2346 716 2413 ltaliam
742 2343 880 2409 dilatare
909 2343 1082 2431 disponet,
1098 2342 1235 2408 scilicet
1260 2357 1297 2409 ut
1316 2370 1471 2436 regnum,

360 2454 449 2545 quod
466 2477 544 2518 avus
561 2451 631 2516 eius
651 2445 880 2515 Theudoricus
896 2445 1009 2510 ltaliae
1019 2443 1139 2526 tenuit,
1157 2457 1191 2510 et
1202 2445 1270 2511 iste
1281 2448 1471 2537 possedeat.

362 2559 433 2622 Scit
448 2555 556 2634 enim,
574 2552 663 2643 quod
683 2562 716 2616 te
733 2551 863 2614 vivente
883 2549 966 2612 haec
991 2571 1058 2612 non
1083 2561 1195 2636 potest
1214 2549 1414 2638 adimplere3
1442 2563 1475 2616 et
1488 2577 1516 2616 rc

360 2659 424 2724 nisi
441 2673 477 2724 tu
494 2657 592 2723 cadas
607 2654 663 2720 ille
682 2676 748 2718 non
769 2664 893 2742 surgat.
911 2677 928 2712 a
945 2649 1004 2714 His
1017 2663 1050 2714 et
1065 2649 1296 2717 huiuscemodi
1314 2652 1372 2717 illc
1389 2653 1475 2718 inci·

361 2775 446 2828 tatus
463 2759 590 2840 verbis,
606 2756 717 2823 uxoris
736 2754 868 2844 iniquae
886 2752 1061 2818 consilium
1081 2765 1196 2833 utens,
1214 2753 1350 2845 iniquus
1366 2756 1476 2821 extitit

359 2864 536 2955 parricida.
555 2865 639 2930 Nam
661 2857 805 2948 sopitum
821 2857 899 2921 vino
917 2853 1062 2921 dormire
1082 2868 1160 2944 post
1177 2856 1350 2922 meridiem
1371 2857 1474 2924 filium

360 2969 468 3047 iubet;
498 2966 551 3030 cui
573 2961 780 3041 dormiente,
804 2958 946 3024 orarium
971 2960 1033 3023 sub
1061 2959 1148 3024 collo
1179 2958 1325 3048 positum
1353 2983 1390 3026 ae
1413 2964 1474 3028 sub

361 3083 473 3136 mento
490 3069 656 3160 legatum,
685 3061 895 3128 trahentibus
916 3061 956 3125 ad
973 3085 1008 3126 se
1031 3060 1172 3127 invicem
1189 3061 1319 3127 duobus
1343 3067 1473 3153 pueris,
1489 3091 1520 3131 25

361 3172 534 3262 sugillatus
555 3179 615 3234 est.
644 3170 718 3250 Quo
740 3165 826 3229 facto
850 3175 945 3252 pater
967 3186 1042 3228 sero
1066 3162 1131 3228 iam
1158 3163 1353 3254 paenitens,
1376 3191 1476 3258 super

362 3276 501 3346 cadaver
520 3270 688 3337 exanimae
700 3291 812 3347 ruens,
832 3263 910 3330 llere
930 3267 1041 3354 coepit
1056 3265 1291 3332 amarissimae.
1308 3266 1360 3333 Ad
1376 3293 1475 3358 quem

362 3401 463 3440 senex
483 3373 617 3464 quidam
646 3395 681 3435 se
707 3369 831 3435 dixisse
860 3369 964 3434 fertur
997 3393 1004 3431 :
1036 3395 1052 3430 a
1087 3372 1150 3448 Te,
1185 3369 1320 3459 inquid,
1353 3371 1476 3464 plange

362 3479 500 3557 amodo,
525 3475 601 3566 quia
630 3498 692 3562 per
723 3469 899 3537 consilium
934 3493 1076 3560 nequam
1105 3472 1210 3536 sactus
1242 3497 1277 3536 es
1308 3474 1476 3562 parricida

362 3580 588 3660 saevissimus3
610 3601 685 3642 nam
704 3577 809 3655 hunc,
829 3573 886 3662 qui
904 3573 1067 3638 innocens
1085 3585 1136 3638 est
1154 3575 1338 3665 iugulatus,
1358 3601 1475 3643 neces·
1491 3605 1521 3644 su

362 3683 484 3748 sarium
504 3706 570 3746 non
584 3692 635 3746 est
648 3677 772 3769 plangi.
786 3704 802 3740 n
815 3675 1071 3742 Nihilhomenus
1089 3675 1145 3740 ille
1161 3677 1202 3741 ad
1217 3691 1349 3743 sanctos
1364 3679 1474 3771 Agan-

361 3811 420 3851 nes
448 3784 579 3865 abiens,
611 3807 671 3871 per
698 3781 819 3845 multos
848 3778 919 3843 dies
947 3778 981 3842 in
1011 3776 1089 3844 lletu
1112 3791 1145 3842 et
1169 3778 1303 3844 ieiuniis
1333 3781 1473 3863 durans,

360 3887 489 3953 veniam
514 3885 743 3976 praeeabatur.
772 3880 989 3947 Psallcntium
1011 3879 1058 3944 ibi
1081 3880 1257 3946 adsiduum
1277 3882 1472 3968 instituenS,

362 3993 523 4084 Lugduno
546 4013 735 4081 regresssus
759 3998 826 4067 cst,
853 3985 980 4050 ultione
1003 3985 1113 4050 divina
1138 3986 1179 4050 dc
1199 3987 1341 4078 vestigio
1359 4013 1475 4077 prose-

361 4109 495 4188 quente.
514 4096 618 4162 Huius
635 4091 737 4156 filiam
755 4114 812 4154 rex
829 4088 1058 4154 Theudoricus
1076 4088 1216 4178 accepit.

391 4321 417 4379 1,.Ι
434 4323 504 4370 Corr.
520 4332 591 4367 cura.
