3256 5144
412 453 574 500 nls't’outsn
595 453 791 500 FRANGORUM
812 443 906 500 hittun
927 455 964 499 l‘l.
1213 457 1253 500 'iul

136 571 254 630 carne?
278 595 292 626 »
309 568 359 630 nd
377 569 457 631 baec
476 591 538 656 ego
558 594 564 630 ι
584 595 600 630 n
618 569 644 631 A
659 568 825 655 principio
845 593 977 662 semper
998 570 1133 658 diliquit
1149 558 1255 664 genus
1338 571 1344 580 '

136 671 337 747 humanum,
366 667 378 758 ll
413 694 592 758 numquam
630 671 749 736 terruit
785 695 846 735 nec
893 671 1079 736 submersio
1122 671 1408 748 diluvii,l'01.str·.

136 790 195 830 uec
216 765 408 831 incendium
429 768 614 846 Sodomae,
635 793 697 832 nec
717 760 836 858 plagae
856 769 1016 859 Aegypti,
1034 794 1095 834 nec
1113 770 1255 834 miracu-

135 868 200 932 lum
217 869 317 934 maris
336 868 554 958 Iordanisque
570 868 708 950 divisi03
730 871 786 959 qui
797 897 929 960 semper
947 871 1012 960 legi
1029 871 1091 936 Dei
1113 873 1253 942 restitit,

106 997 119 1031 s
135 969 309 1058 prophetis
323 995 391 1034 non
409 970 569 1048 credidit,
594 984 628 1036 et
646 995 713 1036 non
738 973 844 1038 solum
868 995 935 1037 non
949 972 1121 1052 credidit,
1142 995 1255 1039 verum

135 1070 232 1135 ctiam
254 1071 345 1160 ipsos
370 1073 618 1159 praedicatores
641 1074 866 1163 paenitentiae
892 1074 1066 1139 interimit.
1091 1075 1170 1138 Ideo
1192 1075 1253 1138 nisi

135 1173 205 1260 ipse
226 1197 299 1236 eum
319 1174 544 1240 discendisset
561 1175 748 1254 redemere,
778 1179 859 1241 haec
879 1176 1011 1264 explere
1038 1199 1104 1239 non
1124 1190 1254 1264 poterat

134 1277 226 1341 alter.
249 1277 351 1340 Cuius
370 1301 431 1340 uos
451 1277 615 1342 nativitati
636 1278 759 1358 renati,
783 1279 950 1368 baptismo
971 1277 1092 1357 abluti,
1118 1278 1254 1343 vulnere

133 1378 257 1457 curati,
281 1379 525 1444 resurrectione
546 1380 665 1458 erecti,
696 1380 892 1446 ascensione
920 1380 1097 1471 glorificati
1127 1403 1251 1445 sumus.

92 1507 116 1542 n
133 1482 230 1564 Quod
252 1493 361 1546 autem
377 1481 502 1546 morbis
517 1483 642 1546 nostris
658 1483 792 1548 medere
812 1496 971 1548 venturus
988 1497 1073 1562 erat,
1090 1485 1255 1572 propheta

133 1596 208 1648 tuus
229 1583 275 1648 ait
297 1586 437 1649 :Linore
454 1591 524 1648 eius
543 1593 657 1649 sanati
672 1610 785 1649 sarnus
800 1587 829 1667 ¹,·
851 1598 885 1651 et
904 1585 984 1650 alibi
1003 1612 1009 1650 :
1031 1587 1104 1676 [pise
1115 1602 1255 1674 peccata

133 1701 244 1750 nostra
259 1687 406 1774 portabit
422 1701 451 1749 ct
470 1688 578 1750 orabit
599 1712 663 1776 pro
683 1690 986 1776 transgressoribus
998 1690 1030 1766 *ἦ
1053 1701 1086 1753 et
1106 1688 1225 1752 iterum
1245 1716 1250 1751 ι

133 1789 223 1853 Sient
253 1815 326 1852 rives
348 1790 393 1852 nd
419 1793 577 1852 occisione
601 1789 718 1853 dactus
739 1804 805 1870 est,·
832 1804 862 1853 et
885 1795 985 1879 quasi
1009 1815 1115 1878 agnus
1142 1815 1252 1852 eoram

133 1891 286 1956 tundente
306 1895 374 1954 sine
390 1915 476 1968 rora,
497 1895 543 1954 sic
559 1915 622 1953 non
643 1897 774 1980 apernit
793 1918 829 1955 os
844 1917 951 1955 sunm.
969 1893 1008 1956 In
1027 1892 1253 1956 learniliationa

94 2017 117 2052 n
134 1993 289 2056 indicium
315 1997 384 2056 eins
404 1991 570 2056 sublatam
597 2008 644 2056 est
656 1994 679 2056 3.
710 1995 959 2058 Generationern
979 1999 1047 2058 eins·
1067 1997 1140 2084 quis
1159 2017 1253 2056 eanr-

134 2101 219 2158 ravit
227 2100 245 2160 ,⁰
263 2097 421 2158 Dominus
448 2097 650 2159 acerritnnrn
672 2095 812 2158 nomenl
827 2098 929 2159 eiust.
954 2099 1003 2160 De
1020 2097 1082 2159 boc
1101 2109 1133 2160 et
1155 2097 1254 2160 Iacob

135 2195 201 2274 ille,
218 2195 260 2260 de
279 2195 373 2260 cuius
387 2209 418 2260 te
437 2195 540 2260 iactas
558 2195 690 2260 venisse
706 2195 978 2286 generationem,
997 2196 1031 2260 in
1049 2197 1104 2261 illa
1124 2195 1182 2260 filii
1205 2195 1253 2260 sui

134 2298 233 2362 ludae
253 2297 509 2377 benedictione,
530 2298 624 2386 quasi
648 2299 688 2363 ad
708 2299 817 2386 ipsum
836 2298 1024 2376 Christum,
1048 2294 1151 2362 filium
1172 2297 1252 2376 Dei,

135 2399 287 2486 loquens,
299 2396 344 2461 ait
356 2423 361 2461 :
375 2399 571 2462 Adorabunt
585 2413 615 2462 te
623 2399 689 2484 filii
691 2405 803 2490 patris
818 2406 875 2462 tui.
893 2398 1030 2462 Catulus
1042 2399 1143 2461 leonis
1153 2397 1251 2474 Iader,
1357 2481 1360 2486 ,

95 2527 122 2563 aa
137 2502 175 2563 de
191 2505 357 2587 germine,
378 2501 431 2584 fili
449 2505 503 2579 mi,
528 2502 714 2564 ascendisti.
727 2501 902 2564 decubans
917 2501 1068 2564 dormisti
1079 2504 1178 2588 qrrasi
1192 2499 1252 2575 leo,
1334 2494 1347 2564 J

133 2607 234 2691 qrtasi
251 2602 381 2664 calidus
402 2602 514 2664 icariis.
540 2602 622 2688 Quis
634 2607 805 2668 suscitavit
820 2607 918 2665 eurn.''
937 2601 1149 2666 Pulchriorrs
1169 2601 1257 2663 oculi

134 2709 202 2767 eius
220 2711 292 2768 nino
309 2717 339 2766 et
356 2705 466 2767 dentes
484 2703 567 2766 lacte
579 2705 797 2768 carrdidiores.
820 2705 914 2790 (inis,
935 2701 1070 2791 inquid,
1085 2707 1255 2766 suscitavi!
1309 2693 1313 2702 ¹

133 2805 260 2871 «firmil
289 2807 330 2868 Et
359 2805 437 2869 licet
464 2805 534 2894 ipse
557 2803 691 2894 dixellrit
718 2831 723 2868 :
753 2807 947 2869 Potestntern
983 2805 1085 2868 dobeo
1108 2805 1388 2892 porrendirnim,

134 2913 279 2980 (eitimam
300 2930 424 2984 ineam,
447 2921 477 2968 ct
487 2920 682 2994 potestatam
701 2907 804 2970 habeo
828 2911 945 2970 iteruin
965 2907 1117 2968 s'nrnrudi
1138 2905 1251 2972 carrel:

93 3037 119 3072 rs
134 3023 244 3073 tamen
262 3008 383 3072 Paulus
399 3009 571 3094 apostolus
591 3009 636 3072 ait
657 3033 662 3070 :
684 3009 752 3095 Qui
766 3033 829 3071 non
850 3009 1041 3084 crediderit,
1060 3007 1148 3096 quod
1165 3007 1254 3069 Deus·

134 3113 225 3177 iilum
245 3115 449 3175 suscitavita
466 3117 620 3192 mortuis,
641 3110 753 3175 salens
769 3136 837 3174 esse
860 3135 923 3173 non
942 3115 1066 3198 poterit
1079 3109 1102 3170 ⁸.
1129 3135 1143 3167 n
1167 3111 1254 3172 Haec

134 3228 168 3280 et
184 3214 248 3278 alia
264 3213 361 3277 nobis
382 3212 585 3285 dicentibus,
605 3237 785 3301 numquam
805 3227 1014 3300 conpunctus
1031 3223 1082 3276 est
1099 3211 1201 3274 miser
1214 3212 1254 3273 ad

135 3314 350 3381 credendum.
379 3319 471 3380 'l'unc
498 3341 573 3395 rox,
602 3315 714 3379 silenti
737 3315 813 3394 illo,
840 3339 913 3379 cum
936 3313 1075 3391 viderit,
1103 3337 1177 3378 eum
1202 3311 1255 3377 his

136 3416 346 3482 sermonibus
372 3442 438 3481 non
461 3416 648 3506 coupuugi,
670 3417 779 3480 adme
803 3437 999 3492 conversim,
1021 3415 1185 3503 postulat,
1205 3428 1253 3483 ut,

93 3532 269 3608 :inaccepta
299 3518 553 3588 benedictione.
593 3519 793 3584 discederet.
829 3517 884 3582 ,lit
918 3517 1006 3581 enim
1033 3545 1038 3580 :
1067 3544 1083 3578 «
1120 3516 1253 3593 Dicam,

134 3620 268 3709 inquid,
283 3619 364 3697 tibi,
383 3620 590 3706 osaceralos,
610 3621 698 3708 quod
720 3621 819 3686 lacob
837 3620 921 3685 dixit
939 3621 978 3683 ad
1001 3621 1173 3708 angelum,
1198 3619 1255 3706 qni

133 3723 163 3786 ei
179 3723 379 3810 loquebatur
403 3750 408 3784 :
434 3725 506 3787 Non
530 3724 696 3786 demittant
716 3737 764 3799 te,
788 3727 851 3786 nisi
868 3724 1073 3786 berrrdincris
1093 3721 1174 3785 milri
1186 3720 1216 3796 9.,
1239 3748 1254 3780 n

135 3827 176 3888 Et
192 3825 275 3888 haec
291 3821 427 3902 dicens,
444 3847 561 3911 aquam
576 3823 710 3913 porrige
728 3823 832 3900 iubet.
855 3824 984 3907 Quibus
1008 3822 1149 3900 ablutis,
1172 3823 1255 3886 lacta

134 3925 296 4001 oratione,
321 3939 458 4014 accepto
476 3951 577 4015 liano.
600 3925 723 4016 gratias
745 3929 815 3991 Deo
838 3941 991 4018 agentes,
1014 3927 1139 4016 etipse
1161 3949 1254 3989 accc-

166 4201 185 4248 l.
204 4201 247 4248 Es.
262 4204 300 4258 53,
319 4205 341 4248 5.
360 4228 390 4236 -
408 4203 429 4248 2.
447 4203 484 4249 lb.
499 4203 536 4250 ll.
551 4229 580 4238 —
598 4207 620 4249 3.
640 4201 881 4258 iasar-8:³11.
901 4203 998 4250 Nomen
1011 4215 1158 4246 rr·asnrn.·-
1170 4203 1192 4245 ε’).
1213 4199 1253 4245 Es.

133 4265 209 4318 :n‚5.
226 4291 256 4298 -
277 4265 300 4309 6,
324 4263 386 4311 Gon.
416 4265 452 4312 tn,
472 4266 528 4310 a-n,
560 4265 592 4310 12.
620 4293 641 4299 -
664 4267 685 4311 7.
711 4265 779 4310 ioan.
810 4266 847 4312 to,
871 4265 904 4308 18.
924 4293 951 4296 --
977 4266 998 4308 8.
1023 4261 1094 4306 iloni.
1119 4262 1155 4308 lu,
1182 4263 1204 4306 a,
1240 4291 1256 4294 --

133 4331 155 4369 u.
171 4325 233 4370 Gon.
248 4327 289 4372 aa,
308 4325 343 4370 aa.
1066 4338 1071 4344 ·
1130 4336 1134 4346 ·
