3238 5140
629 433 786 484 GREGORII
804 435 1012 486 TURONENSIS
1031 437 1181 488 EPISCOPI

682 659 725 724 IN
757 659 927 726 CHRISTI
961 661 1131 728 NOMINE

456 774 615 840 INCIPIT
657 775 785 840 LIBER
827 775 1128 843 HISTORIARUM
1172 779 1346 845 PRIMUS.

242 981 297 1030 Col.
312 985 332 1028 5.
392 966 584 1034 Scribturus
605 967 692 1032 bella
708 990 823 1060 regum
839 992 913 1033 cum
924 969 1081 1060 gentibus
1098 970 1258 1051 adversis,
1279 985 1460 1062 martyrum

346 1095 419 1135 cum
439 1067 589 1160 paganis,
609 1069 804 1134 eclesiarum
829 1095 903 1134 cum
927 1072 1097 1152 hereticis,
1119 1073 1212 1162 prius
1231 1075 1330 1140 fidem
1353 1101 1460 1141 meam

344 1172 493 1263 proferre
513 1169 624 1260 cupio,
646 1171 758 1260 utqui
783 1172 903 1263 legerit
923 1198 974 1237 me
992 1199 1059 1239 non
1078 1175 1210 1241 dubitet
1230 1201 1302 1242 esse
1317 1178 1488 1243 catholi-5

344 1300 431 1339 cum.
451 1274 535 1339 Illud
557 1272 654 1339 etiam
675 1273 801 1362 placuit
817 1289 956 1365 propter
969 1301 1039 1355 eos,
1057 1276 1113 1366 qui
1133 1277 1459 1367 adpropinquantem

344 1378 444 1443 finem
472 1375 586 1442 mnndi
611 1376 799 1465 disparant,
819 1391 871 1466 ut,
891 1380 1082 1444 collectam¹
1116 1405 1177 1469 per
1207 1381 1382 1446 chronicas
1406 1384 1458 1448 vel

343 1479 499 1545 historias
519 1477 722 1544 anteriorum
742 1505 885 1560 summa,
908 1483 1104 1570 explanetur
1121 1496 1252 1572 aperte,
1281 1483 1396 1573 quanti
1416 1487 1457 1550 ab

343 1583 479 1648 exordio
496 1582 610 1647 mundi
633 1580 700 1646 sint
715 1583 803 1647 anni.
821 1585 888 1648 Sed
906 1583 998 1672 prius
1016 1584 1145 1650 veniam
1163 1585 1353 1677 legentibus
1365 1612 1458 1676 prae·

343 1688 430 1768 eorl,
461 1685 489 1750 si
518 1698 573 1750 aut
595 1685 629 1750 in
647 1684 768 1749 litteris
789 1699 845 1750 aut
865 1686 900 1750 in
924 1686 1065 1776 'syllabis
1084 1688 1333 1778 grammaticam
1353 1702 1457 1756 artem
1473 1717 1501 1755 ro

343 1813 529 1869 excessero,
546 1789 587 1852 de
603 1813 667 1878 qua
684 1788 856 1876 adpaene3
874 1814 941 1854 non
958 1815 1030 1854 sum
1049 1789 1207 1871 inbutus;
1223 1791 1307 1856 illud
1328 1805 1456 1857 tantum

343 1892 493 1970 studens,
516 1903 554 1955 ut
578 1891 667 1978 quod
687 1892 722 1955 in
750 1889 871 1955 eclesia
897 1892 988 1957 credi
1013 1893 1225 1983 praedicatur
1249 1894 1321 1960 sine
1346 1895 1457 1984 aliquo

343 1993 443 2084 fugo4
463 2005 518 2058 aut
533 1994 643 2059 cordis
663 1993 883 2058 haesitatione
904 1996 1105 2076 reteneam5,
1129 1996 1205 2084 quia
1223 1999 1292 2062 scio
1310 1998 1457 2087 peccatis

341 2097 521 2160 obnoxium
546 2121 606 2184 per
629 2096 858 2161 credulitatem
881 2121 997 2187 puram
1022 2099 1175 2163 obtinere
1203 2123 1302 2186 posse
1328 2103 1457 2166 veniam

342 2200 429 2286 apud
450 2202 568 2264 Deum.
1472 2229 1502 2269 15

239 2387 329 2436 cota
386 2369 495 2435 Credo
519 2391 598 2458 ergo
622 2367 656 2431 in
684 2370 790 2432 Deum
819 2379 946 2454 patrem
972 2369 1247 2456 omnipotentem.
1281 2371 1389 2436 Credo
1420 2371 1454 2436 in

341 2473 448 2536 lesum
464 2469 649 2549 Christum,
671 2469 775 2534 filium
794 2471 864 2533 eius
889 2471 1040 2549 unicum,
1068 2471 1241 2536 dominum
1257 2475 1363 2537 Deum
1379 2498 1453 2539 nos-

339 2587 445 2654 trum,
465 2585 577 2637 natum
601 2586 744 2660 epatre,
768 2596 834 2636 non
857 2571 996 2652 factum,
1023 2597 1089 2636 non
1108 2586 1186 2662 post
1204 2587 1371 2663 tempora,
1394 2578 1453 2642 sed

340 2688 414 2742 ante
436 2688 591 2740 cunctum
613 2687 743 2763 tempus
769 2697 899 2762 semper
922 2675 1024 2740 fnisse
1047 2699 1121 2739 cnm
1146 2689 1251 2764 patre.
1274 2680 1343 2745 Nec
1364 2680 1452 2743 enim

235 2793 289 2842 Fol.
303 2795 326 2843 4.
338 2791 433 2866 pater
466 2777 532 2843 diei
566 2789 735 2866 potuerat,
767 2775 830 2840 nisi
853 2776 992 2840 haberet
1019 2776 1141 2856 filium3
1173 2777 1186 2868 {l
1219 2804 1327 2870 neque
1364 2781 1496 2849 filiusao

337 2893 443 2963 esset,
464 2881 490 2946 si
509 2893 636 2969 patrem
651 2879 765 2967 utique
781 2903 848 2942 non
866 2879 1015 2946 haberet.
1035 2879 1113 2944 lllos
1128 2904 1223 2961 vero,
1240 2883 1297 2972 qui
1313 2884 1447 2950 dicunt:

338 2987 443 3049 «Erat
462 2983 594 3074 quando
614 3006 681 3046 non
700 2993 770 3045 erat
782 3007 813 3062 a,
831 2980 1064 3046 execrabiliter
1080 3006 1209 3048 rennuo
1221 2997 1255 3048 et
1266 2987 1307 3049 ab
1328 2986 1450 3052 eclesia

335 3111 511 3178 segregare
541 3097 721 3150 contestor.
747 3084 855 3148 Credo
883 3083 1052 3148 Christum
1082 3084 1170 3149 hunc
1204 3087 1341 3151 verbum
1375 3114 1449 3156 esse

334 3192 452 3279 patris,
482 3215 542 3278 per
566 3214 664 3280 quem
694 3188 779 3253 facta
808 3200 886 3252 sunt
910 3186 1031 3251 omnia.
1064 3190 1159 3252 Hunc
1187 3191 1323 3254 verbum
1348 3216 1447 3274 earne

331 3293 453 3357 factum
472 3294 588 3373 credo,
618 3289 710 3356 cuius
735 3288 924 3379 passionem
949 3289 1092 3354 mundus
1113 3290 1305 3380 redemptus
1328 3305 1395 3374 est,
1414 3309 1490 3363 etas

330 3396 581 3474 humanitatem,
609 3419 676 3459 non
701 3392 883 3472 Deitatem,
915 3391 1119 3457 subiacuisse
1146 3393 1301 3480 passione
1329 3398 1440 3462 credo.

331 3496 439 3562 Credo
474 3522 548 3561 eum
574 3495 677 3561 tercia
715 3495 768 3560 die
804 3493 1043 3574 resurrexisse,
1077 3495 1247 3559 hominem
1275 3498 1444 3584 perditum

329 3600 507 3680 liberasse,
536 3601 727 3665 ascendisse
749 3599 875 3677 caelos,
904 3599 1021 3662 sedere
1045 3598 1085 3661 ad
1113 3598 1282 3663 dexteram
1312 3603 1440 3680 Patris,

326 3714 500 3767 venturum
519 3727 555 3767 ac
570 3701 791 3768 indicaturum
808 3703 898 3766 vivos
916 3713 949 3764 et
969 3711 1127 3764 mortuos.
1151 3701 1260 3766 Credo
1279 3703 1442 3791 Spiritum

222 3817 475 3886 001,7‚sanctum
505 3830 522 3870 a
550 3808 647 3870 Patre
676 3817 709 3869 et
731 3806 816 3870 Filio
843 3802 1067 3893 processisse,
1096 3827 1164 3868 non
1187 3803 1199 3893 Η
1224 3803 1385 3869 minorem
1406 3819 1482 3874 etao

325 3907 418 3998 quasi
433 3920 509 3972 ante
529 3932 596 3971 non
615 3919 718 3986 esset,
736 3908 793 3972 sed
810 3906 981 3996 aequalem
1003 3917 1036 3969 et
1055 3929 1187 3994 semper
1206 3930 1280 3970 cum
1301 3910 1397 3972 Patre
1408 3923 1442 3974 et

322 4011 407 4078 Filio
427 4023 638 4076 coaeternum
652 4012 772 4090 Deum,
790 4007 1109 4074 consubstantialem
1120 4019 1249 4087 natura,
1267 4011 1437 4100 aequalem

350 4271 371 4317 I.
387 4273 456 4318 Corr.
470 4269 586 4318 collecta.
600 4295 630 4304 -
643 4270 663 4315 ἱ).
681 4271 863 4334 Compreeor.
883 4295 912 4305 —
929 4271 951 4315 3.
972 4271 1042 4317 Corr.
1062 4267 1179 4332 adplene.
1198 4295 1229 4306 -
1245 4269 1267 4315 h.
1284 4272 1353 4317 Corr.
1370 4271 1434 4318 luco.

318 4357 347 4370 —
361 4337 382 4380 5.
399 4335 467 4382 Corn
480 4332 613 4380 retineam.
