3220 5158
371 412 402 456 48
656 409 813 460 GREGORH
828 410 1035 460 TURONENSIS
1053 409 1203 460 EPISCOPl

372 542 462 591 terra
474 527 495 590 ¹.
515 526 582 592 Sed
602 539 636 591 et
653 527 736 592 alius
750 528 879 617 profeta
901 528 984 593 dicit
1002 552 1013 592 .·
1029 529 1100 609 Dii,
1122 534 1181 619 qui
1200 528 1326 592 caelum
1345 541 1375 591 et
1394 541 1486 592 terra

371 653 435 693 nou
447 630 613 719 feceruut,
624 645 764 719 percant
782 656 803 694 a
823 646 914 695 terra
933 645 964 695 et
981 632 1020 695 de
1031 631 1081 696 Itis
1098 638 1184 722 quae
1201 632 1261 696 sub
1274 629 1482 696 coelissunt-2.

371 735 453 796 Item
470 731 538 797 illie
562 734 679 797 :Haec
707 736 785 798 dicit
811 736 987 817 Dominus,
1016 758 1133 798 creaas
1159 734 1282 816 caelos,
1312 738 1379 821 ipse
1396 733 1486 798 Deus

366 835 518 925 feramus
535 850 659 901 terram
674 850 705 899 et
719 861 804 926 quae
824 842 856 900 iu
875 861 914 900 ea
930 850 1026 920 suut‚·
1043 842 1110 925 ipse
1123 837 1243 926 plastis
1260 841 1348 915 ciue,
1371 861 1436 900 uon
1452 842 1484 901 iu

369 961 488 1002 vanum
496 939 650 1029 fundauit
664 962 736 1002 eam
748 990 755 1018 ‚
767 953 802 1003 ut
816 939 1023 1003 habitaretur
1033 946 1155 1003 creavit
1166 964 1238 1003 earu
1248 939 1271 1001 3.
1290 941 1361 1029 Ego
1374 942 1480 1004 Domi·
1496 966 1509 1004 5

369 1065 442 1121 uus,
470 1041 530 1106 hoc
554 1042 635 1106 milii
658 1066 774 1106 nomeu
800 1056 863 1122 est,
885 1042 1028 1130 gloriam
1059 1067 1165 1106 meam
1187 1043 1286 1107 alteri
1307 1069 1371 1108 aou
1397 1045 1483 1108 dabo

369 1168 472 1233 aeque
490 1150 639 1209 virtutem
655 1169 760 1209 meam
775 1144 989 1232 sculptilibus
1004 1151 1063 1234 qui
1076 1146 1118 1209 ab
1136 1150 1227 1210 initio
1245 1145 1480 1210 transieruut4.

370 1247 412 1310 Et
431 1246 510 1312 alibi
533 1273 540 1310 ε
563 1248 722 1338 Numquit
743 1261 819 1312 suut
842 1247 1046 1336 sculptilibus
1068 1253 1215 1337 gentium
1242 1255 1300 1339 qui
1318 1250 1438 1338 pluant
1452 1249 1484 1312 ⁵?

370 1350 412 1413 Et
431 1373 492 1437 per
512 1349 642 1416 Esaiam
665 1351 785 1414 iterum
807 1347 913 1414 dicit:
935 1351 1007 1439 Ego
1024 1354 1154 1439 primus
1176 1365 1206 1414 et
1229 1356 1434 1430 novissimus,
1455 1365 1485 1414 et

370 1454 492 1542 absque
505 1479 555 1518 me
575 1478 640 1518 nou
657 1467 707 1518 est
720 1454 799 1518 deus
816 1467 846 1515 et
861 1454 1041 1542 formator,
1059 1476 1153 1542 quem
1169 1478 1226 1543 ego
1239 1477 1303 1518 nou
1318 1455 1480 1543 {noverim
1499 1478 1523 1516 a

368 1558 503 1622 Plastae
523 1557 601 1622 idoli
622 1581 732 1621 omues
757 1555 840 1620 uiuit
861 1570 953 1634 suut,
977 1570 1008 1619 et
1031 1562 1261 1620 amantissima
1286 1580 1398 1620 eorum
1418 1581 1483 1619 nou

253 1678 306 1726 Col.
319 1680 356 1726 65.
365 1661 548 1750 proderunt
565 1667 621 1726 eia.
639 1662 712 1750 Ipse
723 1673 801 1724 sunt
814 1673 910 1722 testes
925 1683 1037 1722 corum
1053 1665 1133 1748 quia
1149 1659 1162 1749 ss
1179 1683 1243 1723 uon
1258 1660 1365 1723 videat
1379 1683 1483 1749 neque

368 1765 567 1854 intellegent,
594 1778 624 1828 et
656 1762 896 1854 confundentur
921 1765 954 1824 iu
983 1767 1039 1826 eis.
1063 1763 1148 1826 Ecce
1175 1787 1285 1826 ornnes
1302 1767 1482 1851 participes

368 1874 437 1934 cius
454 1869 704 1960 confundentur,
726 1866 820 1956 fabri
836 1869 920 1927 euim
937 1879 1014 1928 suut
1030 1890 1071 1928 ea
1091 1865 1285 1929 homiuibus.
1308 1867 1347 1929 Io
1363 1871 1483 1954 prunis

368 1986 398 2034 et
417 1971 544 2036 malleis
560 1972 716 2062 formavit
731 1968 828 2046 illud,
848 1983 878 2032 ct
896 1981 1050 2057 operatus
1075 1981 1122 2031 est
1144 1972 1177 2030 iu
1195 1967 1329 2031 brachio
1350 1970 1520 2058 sortitu-15

368 2073 453 2137 diuis
469 2097 560 2137 suae.
581 2073 738 2136 Similiter
762 2085 792 2134 et
813 2073 938 2162 artifex
959 2070 1122 2158 lignarius
1141 2075 1173 2133 iu
1195 2075 1316 2133 circiuo
1336 2073 1483 2136 turuaoit

368 2176 451 2240 illud
466 2177 586 2266 etfacit
606 2180 779 2264 imaginem
802 2180 864 2238 ciri
880 2179 979 2263 quasi
990 2177 1129 2262 speciosi
1144 2173 1283 2238 hominis
1301 2173 1482 2236 habitaretis

368 2283 401 2342 iu
419 2279 522 2342 domo.
545 2277 689 2341 Succidit
715 2277 838 2364 liguum
861 2288 1016 2364 operatus
1040 2288 1105 2351 est,
1132 2288 1162 2337 et
1182 2275 1262 2364 fecit
1283 2273 1431 2362 sculptile
1453 2285 1483 2335 et

368 2384 519 2446 adoravit
546 2395 580 2444 ut
604 2380 717 2456 dotem,
746 2378 846 2446 clavis
874 2392 905 2441 et
931 2376 1058 2442 malleis
1082 2382 1332 2466 conpagiuavit,
1359 2391 1481 2439 utnon

366 2483 596 2551 dissoluantur.
620 2483 760 2545 Portata
788 2480 960 2558 tollentur,
994 2483 1072 2569 quia
1095 2481 1242 2542 incedere
1262 2503 1326 2544 uou
1354 2479 1480 2557 ealeut,·
1494 2501 1521 2540 20

367 2587 527 2676 reliquum
550 2609 624 2651 uero
645 2584 726 2673 ligni
743 2584 854 2673 factus
871 2597 918 2646 est
934 2582 1118 2646 homiuibus
1138 2586 1171 2644 iu
1189 2583 1317 2672 focum,
1344 2597 1374 2646 et
1391 2581 1447 2646 cal
1464 2619 1479 2631 ·

363 2691 544 2779 factisuut.
561 2689 616 2750 Ea
631 2686 725 2749 aliud
736 2710 810 2751 uero
821 2685 916 2748 deum
927 2685 1006 2774 fecit
1017 2698 1047 2747 et
1058 2683 1205 2774 sculptile
1220 2685 1292 2748 sibi.
1316 2685 1482 2749 Curvatur

367 2808 443 2857 ante
459 2792 541 2857 illud
563 2803 592 2854 et
610 2790 759 2854 adoravit
773 2787 856 2852 illud
873 2801 902 2850 et
919 2787 1087 2866 obsecrat,
1104 2788 1240 2850 diceus:
1261 2813 1277 2848 «
1294 2788 1416 2852 Libera
1430 2813 1481 2852 me

354 2901 446 2988 ,quia
458 2897 538 2961 deus
557 2917 647 2957 meus
667 2916 700 2955 cs
722 2905 767 2954 tu.
789 2891 995 2955 Medietatem
1017 2895 1085 2954 eius
1104 2895 1177 2979 igue
1192 2890 1346 2954 conbussi
1359 2906 1389 2955 et
1407 2899 1483 2956 coac'

250 3009 303 3060 1³01,
316 3011 352 3058 22.
366 3011 465 3076 super
488 2985 645 3048 carbones
668 2985 736 3044 eius
750 3002 872 3069 paucs;
898 2984 974 3042 coci
995 3003 1112 3042 carues
1132 2992 1163 3042 et
1189 2980 1328 3059 comedi,
1357 2978 1370 3070 Η
1391 2997 1421 3045 et
1441 2982 1480 3046 de
1493 3015 1521 3053 25

367 3091 528 3182 reliquum
547 3092 615 3150 eius
635 3084 755 3150 idolum
772 3084 909 3174 faciam.
934 3081 1018 3146 Ante
1042 3096 1194 3146 truncum
1215 3081 1296 3170 ligui
1313 3083 1479 3172 adorabo;

363 3217 446 3283 pars
461 3197 529 3256 eius
545 3194 625 3253 ciuis
638 3200 696 3251 est.
717 3212 733 3247 »
752 3186 815 3251 Cor
832 3190 986 3273 iusipiens
1004 3185 1157 3249 adoravit
1172 3184 1255 3248 illud
1273 3197 1303 3247 et
1322 3210 1386 3249 noa
1401 3188 1479 3254 libe·

366 3302 453 3361 raeit
476 3299 621 3358 animaru
644 3314 751 3355 suurn.
782 3289 894 3377 Neque
917 3289 995 3352 dicit
1013 3311 1024 3351 :
1042 3289 1139 3351 Forte
1163 3287 1367 3351 mendacium
1386 3305 1433 3355 est
1448 3297 1480 3356 iu

366 3400 503 3463 dextera
518 3419 590 3460 mea
603 3393 626 3456 θ.
646 3396 733 3457 Haec
750 3403 858 3456 autem
875 3389 1047 3480 generatio
1068 3392 1270 3454 Francorum
1295 3414 1360 3454 non
1382 3391 1481 3458 intel·

365 3501 446 3567 lexit
463 3499 623 3588 primum3
640 3493 806 3561 intellexit
819 3506 935 3566 ,autem
949 3505 1083 3582 postea,
1108 3493 1195 3558 sicut
1215 3517 1358 3581 sequens
1374 3495 1480 3561 histo·
1495 3527 1524 3566 so

365 3603 413 3669 ria
431 3614 552 3668 narrat.

408 3784 530 3872 xm),
549 3781 664 3847 Avitus
685 3779 774 3846 enim
796 3803 881 3844 unus
900 3799 939 3842 ex
955 3777 1165 3842 senatoribus
1186 3790 1235 3858 ct,
1257 3779 1351 3844 valde
1379 3781 1480 3846 mani-

364 3888 484 3953 festum
506 3898 574 3964 est,
597 3884 684 3950 cives
702 3883 885 3959 Arvernus,
903 3905 976 3946 cum
998 3883 1183 3946 Romanum
1203 3881 1361 3947 ambisset
1377 3884 1480 3973 impe-

365 3989 467 4069 rium,
499 3987 686 4053 luxoriosac
715 4009 813 4076 agere
834 3984 967 4063 volens,
999 4007 1017 4047 a
1050 3982 1261 4048 senatoribus
1288 3985 1477 4074 proiectus,

1192 4135 1481 4150 u—-n——n--q

395 4238 417 4285 1.
435 4236 532 4285 Hebae.
547 4233 724 4294 2,1s-‘20.-
739 4232 752 4278 2
780 4231 829 4279 Ier.
844 4231 934 4288 10,11.
948 4232 1010 4278 -3.
1030 4230 1090 4278 lesi.
1102 4231 1145 4290 115,
1158 4227 1195 4278 18.
1208 4229 1270 4278 -li
1290 4231 1350 4278 Issi.
1365 4233 1402 4290 aa,
1417 4235 1438 4280 8.
1451 4261 1481 4270 -

363 4316 386 4361 5.
405 4315 453 4361 ler.
468 4312 510 4368 11,
522 4312 559 4357 22.
570 4338 600 4346 -
617 4311 639 4356 6.
659 4307 719 4355 lsai.
733 4308 775 4366 114,
789 4308 872 4353 6-20,
