3220 5158
429 439 813 501 fflsronlAE'rRlucouuu
831 447 927 496 LIBER
943 449 976 496 ll.
1224 450 1254 496 111

137 570 200 634 sed
220 567 519 634 moxinluciscenti
539 568 631 635 caelo
651 568 762 634 omnia
782 590 866 656 quae
886 566 1036 632 audierat
1050 567 1147 631 matri
1164 566 1254 632 fami-

137 671 203 737 liae
221 671 350 761 pandit,
368 671 575 761 expletisque
586 672 808 749 sermonibus,
819 669 931 736 lumen
948 668 1055 738 caruit
1069 670 1252 735 oculorum.
1277 659 1280 668 ¹

184 777 290 866 Igitur
308 774 424 841 Aetius
445 801 519 841 cum
540 775 660 842 Gothis
673 773 877 862 Francisque
894 771 1082 840 coniunctis
1098 774 1255 838 adversus

137 878 327 944 Attelanem
341 878 503 970 confligit.
515 878 621 944 Atille
634 879 674 943 ad
685 876 942 943 internicionem
952 875 1074 942 vastari
1084 901 1178 941 suum
1188 899 1255 941 cer·

107 1009 121 1045 5
138 1005 224 1046 nens
237 983 434 1062 exercitum,
452 982 529 1072 fuga
545 979 723 1047 delabitur.
742 981 986 1060 Theodorvero
1001 981 1187 1046 Gothorum
1199 1003 1257 1043 rex

136 1085 219 1149 huic
236 1083 410 1149 certamini
429 1083 621 1150 subcubuit.
640 1085 723 1149 Nam
743 1082 853 1148 nullus
876 1082 1040 1172 ambigat,
1062 1083 1253 1148 Chunorum

137 1186 321 1254 exercitum
332 1189 471 1253 obtentu
484 1186 657 1254 memorati
671 1185 838 1252 antestitis
853 1184 955 1250 fuisse
968 1185 1255 1276 fugatumVerum

136 1303 250 1354 tamen
267 1288 383 1355 Aetius
399 1289 558 1379 patricius
574 1315 649 1357 cum
661 1288 892 1355 ⁴Thursimodo
909 1289 1082 1354 victuriam
1102 1285 1257 1354 obtenuit

137 1395 320 1482 hostesque
331 1392 465 1482 delevit.
487 1392 793 1483 Expletoquebello
802 1443 809 1472 ,
824 1390 995 1456 aitAetius
1009 1388 1252 1458 Thursimodo:

94 1523 120 1562 ιο
138 1521 157 1558 «
176 1495 311 1563 Festina
325 1496 485 1562 velociter
505 1495 614 1563 redire
624 1497 659 1562 in
677 1495 836 1585 patriam,
858 1519 900 1560 ne
915 1494 1085 1560 insistenti
1096 1518 1255 1585 germano

136 1600 242 1688 patris
263 1623 367 1690 regno
389 1598 542 1688 priveris.
572 1625 588 1662 u
615 1603 703 1665 Haec
725 1599 782 1665 ille
803 1597 959 1678 audiens,
986 1623 1060 1664 eum
1078 1596 1255 1663 velocitate

136 1701 306 1782 discessit,
324 1703 420 1790 quasi
435 1699 449 1792 ΙΙ
466 1702 858 1790 antecipaturusfratrem
874 1714 906 1766 et
918 1702 1010 1790 prior
1025 1700 1129 1791 patris
1145 1701 1370 1766 cathecum.

137 1805 231 1870 dram
250 1804 443 1894 adepturus.
468 1803 585 1870 Simile
610 1816 643 1869 et
661 1807 866 1871 Francorum
886 1829 999 1894 regem
1021 1804 1098 1869 dolo
1116 1804 1251 1894 fugavit.

138 1907 207 1973 Illis
221 1920 332 1972 autem
347 1907 601 1990 recedentibus,
620 1907 754 1986 Actius,
781 1906 924 1995 spoliato
942 1930 1077 1995 campo,
1095 1904 1253 1971 victorin

92 2038 120 2076 15
137 2009 279 2100 patriam
307 2035 381 2076 cum
409 2011 535 2101 grande
559 2022 610 2075 est
635 2034 787 2075 reversus
808 2009 925 2099 spolia.
954 2008 1057 2074 Attila
1078 2033 1156 2074 vero
1180 2032 1253 2072 cum

137 2114 252 2202 paucis
284 2137 435 2178 reversus
469 2125 536 2195 est,
569 2137 631 2178 nec
658 2113 762 2178 multo
794 2125 872 2201 post
896 2111 1051 2201 Aquileia
1079 2135 1097 2174 a
1126 2109 1253 2177 Chunis

137 2229 249 2305 capta,
267 2215 405 2282 incensa
420 2228 518 2305 atque
539 2215 668 2296 diruta,
681 2215 776 2281 Italia
791 2229 969 2305 pervagata
980 2227 1079 2303 atque
1097 2215 1253 2278 subversa

138 2333 198 2385 est.
236 2320 495 2403 Thursimodus,
531 2319 584 2385 cui
617 2343 718 2408 supra
743 2318 972 2397 meminimus,
1006 2317 1129 2395 Alanos
1163 2317 1253 2381 bello

138 2421 303 2518 edomuit,
323 2421 395 2511 ipse
416 2423 576 2511 deinceps
596 2412 679 2510 post*
692 2422 811 2486 multas
827 2421 903 2486 lites
920 2421 933 2512 ll
951 2435 983 2487 et
1003 2421 1090 2486 bella
1107 2444 1124 2486 a
1143 2420 1252 2486 fratri-
1264 2421 1317 2470 fol.
1330 2422 1359 2468 18
1371 2431 1407 2470 v‘·

93 2550 123 2588 ro
138 2526 199 2591 bus
217 2527 420 2614 obpraessus
438 2549 476 2590 ac
494 2524 663 2616 iugulatus
681 2523 818 2590 interiit.

179 2711 239 2775 Vll
258 2707 314 2794 (8).
339 2709 443 2798 Igitur
464 2707 517 2772 his
532 2706 578 2773 ita
598 2707 746 2798 degestis
767 2731 804 2772 ac
829 2732 890 2796 per
917 2705 1068 2773 ordinem
1091 2706 1251 2795 expletis,

137 2809 218 2898 quid
238 2811 280 2874 de
300 2808 396 2875 Aetio
413 2834 512 2899 supra
530 2823 714 2876 memorato
736 2809 855 2876 Renati
873 2808 1038 2900 Frigeridi
1057 2821 1170 2874 narret
1187 2808 1254 2875 his-

137 2914 239 2993 toria,
272 2925 383 2978 tacere
412 2913 503 2979 nefas
532 2913 656 3001 putavi.
682 2915 765 2979 Nam
788 2937 863 2978 cum
887 2911 921 2976 in
943 2912 1141 2984 duodecimo
1167 2910 1254 2977 libro

137 3015 275 3093 referat,
295 3028 372 3102 post
390 3015 457 3080 divi
480 3015 618 3081 Honorii
640 3040 813 3081 excessum
837 3013 1107 3096 Valentinianum
1131 3038 1253 3103 puero-

95 3143 122 3181 ra
136 3117 221 3197 lum,
248 3138 315 3181 uno
340 3130 434 3183 tanto
457 3117 562 3182 lustro
595 3131 750 3207 peracto,
782 3142 800 3182 a
827 3116 1029 3182 consubrino
1064 3115 1254 3182 Theodosio

137 3219 371 3307 imperatorem
391 3217 493 3284 luisse
514 3232 661 3284 creatum
682 3233 715 3284 et
735 3220 822 3309 apud
841 3221 958 3284 urbem
981 3220 1118 3284 Romam
1139 3229 1253 3305 tyran·

137 3347 215 3386 num
248 3321 429 3386 lohannem
457 3322 633 3410 imperium
658 3321 857 3400 surrexisse,
892 3321 1113 3414 legatusquc¹
1143 3319 1255 3385 eiusa

137 3449 271 3491 caesare
288 3424 389 3489 fuisse
408 3423 598 3513 dispectoS,
621 3423 743 3490 adiecit
764 3451 770 3489 τ
791 3427 876 3490 Dum
895 3427 975 3490 haec
987 3430 1033 3488 ita
1043 3438 1252 3514 gererentur,

138 3529 239 3618 legati
263 3527 309 3590 ad
326 3522 505 3614 tyrannum
533 3533 656 3592 reversi
678 3542 770 3606 suat,
797 3529 958 3593 mundata
985 3532 1153 3592 atrociora
1173 3553 1253 3616 por-

98 3645 254 3696 sctantes.
295 3631 423 3717 Quibus
454 3645 623 3719 permotus
657 3631 815 3695 Iohannis
851 3630 999 3710 Aetium,
1032 3630 1066 3694 id
1099 3635 1275 3719 temporis

137 3757 252 3800 euram
265 3732 405 3822 palatii,
431 3758 505 3797 cum
528 3738 652 3822 ingenti
672 3739 750 3799 auri
762 3735 909 3823 pondere
931 3735 977 3798 ad
994 3734 1124 3799 Chuaos
1144 3748 1254 3799 trans-

137 3842 250 3928 mittit,
271 3850 363 3900 notos
377 3836 442 3900 sibi
458 3836 634 3900 obsedatus
652 3843 707 3901 sui
724 3851 865 3925 tempore
881 3850 911 3900 et
926 3836 1097 3927 familiare
1112 3841 1255 3901 amititia

138 3941 327 4019 adiunctas,
354 3963 427 4002 cum
446 3938 614 4003 mandatis
640 3940 851 4007 huiusmodi:
877 3964 949 4003 cum
972 3944 1117 4028 primum
1138 3954 1253 4028 partes

138 4044 295 4108 aduersae
317 4042 451 4106 Italiam
476 4047 644 4132 ingressae
660 4045 787 4134 foreat,
810 4048 874 4130 ipsi
890 4067 964 4107 aero
990 4043 1189 4124 adoriretur,
1219 4068 1253 4105 se

100 4145 182 4210 asad
210 4147 320 4236 fronte
347 4160 528 4211 venturum.
565 4147 609 4210 Et
639 4152 719 4237 quia
751 4147 790 4210 de
815 4147 874 4210 hac
902 4157 1134 4234 consequenter
1150 4145 1253 4233 plura

169 4365 191 4414 l.
209 4367 281 4415 Corr.
294 4367 454 4434 legatosque.
