3226 5156
418 441 582 490 HISTORIAE
600 439 799 490 h'RANCORUM
816 439 915 488 LIBER
929 438 970 486 lv.
1170 453 1173 461 ’
1214 436 1259 482 109

137 555 301 638 vidimus,
323 571 356 622 et
375 557 473 623 tlores
487 557 646 648 'ipsorum
673 558 848 635 arborum,
875 579 959 645 quae
980 553 1085 618 nostis
1107 565 1144 616 ut
1160 550 1258 644 nigra

137 683 243 749 grana
273 660 421 748 proferre
444 660 561 726 solitae
594 673 690 741 sunt,
726 657 923 725 racimorum
951 680 1055 748 grana
1079 655 1254 722 dederunt.

140 761 236 826 'sune
261 761 296 826 in
323 757 482 829 circolum
508 763 608 832 lunae
636 762 753 855 quinta
778 759 867 828 stilla
893 785 932 826 ex
963 759 1101 829 adverso
1120 758 1258 824 veniens

140 860 301 928 introisse
323 864 392 929 'visa
416 877 477 947 est.
512 866 639 946 Credo,
662 866 726 930 hoo
752 863 847 955 signa
872 874 1012 927 mortem
1037 859 1142 950 ipsius
1171 858 1258 950 regis

109 991 125 1029 a
142 965 371 1032 adnuntiasse.
393 970 468 1056 Ipse
483 993 561 1034 vero
576 967 671 1032 valde
683 965 887 1044 infirmatus,
902 962 1083 1030 acinctura
1101 963 1258 1028 deorsum

142 1093 177 1132 se
198 1067 347 1134 iudicare
364 1092 432 1135 nou
453 1065 595 1160 poterat.
621 1067 684 1152 Qui
707 1066 867 1158 paulatim
895 1065 1055 1131 incedens
1067 1117 1075 1145 ,
1089 1063 1103 1156 Η
1117 1061 1259 1153 septimo
1270 1064 1324 1114 Fol.
1337 1065 1375 1112 4⁶·

142 1171 238 1262 regni
258 1170 307 1236 sui
324 1196 411 1236 anno
430 1185 579 1237 mortuus
597 1183 665 1252 est,
678 1193 886 1263 regnumque
897 1168 969 1233 eius
981 1165 1260 1233 chlothacharius

143 1299 201 1340 rex
233 1275 380 1362 accepit,
414 1263 573 1363 copolaus
599 1273 848 1354 Valdetradam,
881 1295 1016 1340 uxorem
1034 1269 1119 1350 eius,
1143 1267 1260 1336 stratui

144 1376 312 1456 suo..,Sed
330 1375 514 1466 increpitus
533 1374 827 1458 asaoerdotibus,
855 1372 991 1465 reliquit
1012 1395 1101 1462 eam,
1126 1371 1209 1466 dans
1231 1367 1260 1434 ei

97 1476 360 1545 roGarivaldum
397 1478 533 1558 ducem,
574 1477 800 1570 diregensque
837 1476 1006 1542 Arvernus
1038 1475 1257 1554 Chranrnum,

142 1580 249 1646 filium
268 1605 376 1647 suum.
911 1581 912 1587 ’

186 1763 246 1828 Vll
266 1759 343 1850 (10).
366 1761 414 1826 Eo
434 1775 520 1826 anuo
539 1759 781 1828 rebellantibus
803 1759 1008 1842 saxonibus,
1037 1758 1260 1825 Chlothacha·

142 1862 212 1928 rius
237 1885 315 1942 rex,
344 1875 510 1928 commoto
536 1875 732 1942 contraeas
758 1859 922 1941 exercitu,
949 1858 1123 1926 maximam
1147 1882 1261 1926 eorum

141 1977 272 2054 partem
292 1963 433 2046 delevit,
453 1989 637 2056 pervagans
656 1977 761 2030 totam
784 1967 809 2029 T
812 1961 1000 2054 horiugiam
1017 1987 1054 2028 ao
1072 1962 1259 2040 devastans,

99 2094 125 2133 15
141 2091 205 2156 pro
226 2090 265 2131 eo
287 2066 379 2155 quod
399 2066 755 2150 Senonibussolatium
770 2065 1015 2155 praebuissent.

177 2273 214 2322 11.
232 2273 376 2322 Decedente
388 2289 450 2322 vero
464 2273 534 2339 apud
553 2273 645 2323 urbem
664 2271 820 2322 Turonicam
836 2273 1010 2322 Guntharium
1030 2272 1195 2338 episcopum,
1236 2287 1264 2322 et·

141 2335 325 2391 emissionem,
347 2342 376 2385 ut
392 2337 490 2392 terunt,
511 2335 613 2386 Cautini
632 2335 720 2398 episco
741 2336 758 2392 i,
772 2331 835 2384 Cato
856 2335 987 2398 presbiter
1009 2335 1042 2384 ud
1066 2334 1200 2398 guberuan
1221 2348 1263 2382 am

142 2397 289 2446 Turonicae
301 2397 375 2446 urbis
388 2398 525 2446 eeclesiam
542 2398 687 2462 petebatur.
700 2401 710 2458 n
722 2353 795 2446 bade
812 2398 975 2452 factumest,
990 2405 1019 2446 ut
1032 2395 1161 2445 coniuncti
1176 2395 1264 2446 clerici
1274 2399 1329 2448 Col.
1341 2401 1395 2447 ⁴149,

142 2477 202 2508 cum
215 2459 344 2508 Leubaste
354 2459 511 2524 martyrario
523 2460 650 2508 etabbate
662 2476 721 2508 cum
732 2476 827 2523 magno
840 2465 969 2525 apparatu
980 2461 1125 2508 Arvernum
1136 2473 1264 2522 propera·

97 2532 126 2569 aa
142 2528 209 2570 rent.
231 2521 347 2596 Cumque
362 2522 453 2572 Catoni
475 2522 545 2584 regis
564 2521 724 2570 voluntatem
745 2522 942 2585 patefecissent,
962 2521 1098 2585 suspendit
1116 2537 1160 2569 eos
1173 2537 1188 2568 a
1208 2537 1264 2570 res-

142 2600 227 2648 ponso
240 2600 332 2647 paucis
342 2585 443 2634 diebus.
457 2584 489 2632 Hi
502 2601 563 2634 vero
573 2584 676 2647 regredi
687 2585 835 2648 cupientes,
849 2582 938 2632 dicunt
949 2600 955 2633 :
966 2601 978 2632 a
989 2583 1076 2634 Pande
1086 2583 1162 2632 nobis
1174 2583 1265 2632 volun·

142 2652 318 2704 tatemtuam,
330 2653 358 2694 ut
371 2647 498 2704 sciamus,
512 2647 574 2710 quid
587 2646 727 2694 debeamus
745 2646 832 2710 sequi3
853 2645 968 2710 alioquin
979 2645 1134 2696 revertimur
1150 2645 1184 2695 sd
1200 2661 1263 2710 pro-

143 2708 240 2819 priam.
254 2707 310 2756 Non
323 2709 392 2756 enim
404 2715 495 2764 nostra
506 2715 530 2756 te
543 2709 676 2758 voluntate
693 2708 878 2773 expetivimus,
898 2709 942 2756 sed
961 2707 1031 2772 regis
1045 2707 1236 2818 praeceptione.
1251 2724 1263 2754 n

166 2777 177 2818 t
190 2771 248 2828 ilie,
263 2777 291 2820 ut
307 2777 364 2819 erat
375 2787 457 2819 vanae
470 2771 569 2833 gloriae
582 2771 706 2835 cupidus,
718 2771 832 2819 adunata
844 2785 989 2834 pauperum
999 2778 1111 2826 (aeterna,
1123 2787 1137 2818 c
1149 2786 1265 2818 amorem

99 2842 128 2879 25
144 2833 202 2882 duri
215 2833 349 2897 proecepit
361 2833 402 2881 his
412 2833 519 2882 verbis:
535 2851 547 2880 a
563 2833 675 2882 Curuus
689 2833 803 2889 deseris,
816 2832 882 2882 bone
899 2840 983 2897 pater,
1003 2833 1085 2886 filios,
1099 2848 1164 2896 quos
1182 2848 1264 2896 usque

145 2913 213 2944 nunc
226 2895 341 2942 edocusti
351 2898 361 2942 ?
373 2895 436 2951 Quis
451 2911 498 2942 nos
516 2894 573 2944 cibo
590 2901 704 2958 potuque
723 2895 833 2952 reficiet,
850 2895 873 2944 si
893 2902 922 2943 tu
940 2895 1057 2944 abieris?
1071 2896 1219 2958 Rogamus,
1232 2911 1264 2942 ne

145 2975 193 3006 uos
206 2957 354 3020 relinquas,
386 2975 433 3006 uos
447 2958 516 3005 alere
526 2958 689 3006 consuestis
704 2957 775 3005 Tunc
786 2957 832 3005 ille
842 2973 982 3006 conversus
995 2957 1029 3006 ad
1041 2958 1139 3006 clerum
1152 2957 1264 3004 Turoni-

145 3037 218 3076 cum,
233 3019 269 3067 ait
282 3034 316 3069 :n
332 2975 431 3068 Videtis
450 3036 531 3080 nuuc,
554 3021 648 3068 iratres
666 3019 841 3077 dilectissimi,
856 3020 969 3083 qualiter
988 3035 1028 3068 me
1044 3018 1109 3068 haec
1125 3016 1265 3067 multitudo

146 3097 294 3146 pauperum
308 3079 409 3154 diligit;
420 3098 471 3130 non
483 3098 594 3156 possum
605 3098 648 3130 eos
659 3082 805 3146 relinquere
818 3087 843 3130 et
851 3081 891 3130 ire
901 3081 1045 3131 vobiscum.
1058 3098 1071 3130 ,n
1083 3081 1156 3155 Istud
1168 3080 1195 3128 hi
1207 3097 1264 3129 res-

101 3155 130 3191 ³⁰
145 3150 689 3272 1113110ῗέἑῖἒῖἓῗῗεριέξῇἔὲῗέἑεῖἶῖ
705 3143 933 3270 tttttnfiffh
941 3150 1185 3269 ft‘thtttt‘t
1199 3158 1265 3254 tt}

146 3269 204 3316 culo
216 3267 343 3332 temporis
355 3268 427 3316 illius
440 3285 528 3332 regem
541 3269 606 3316 mori
619 3268 813 3325 chlotharium,
832 3269 921 3316 statim
936 3268 1024 3316 eiecto
1036 3268 1145 3316 Cantino
1160 3268 1194 3316 ab
1208 3267 1265 3332 epi-

147 3337 268 3394 scopatu,
290 3331 339 3378 iste
349 3337 553 3395 praeponeretur
567 3330 699 3380 ecclesiae.
713 3331 764 3379 Sed
780 3329 824 3395 qui
837 3331 986 3380 cathedram
999 3329 1069 3378 beati
1082 3329 1186 3378 Martini
1203 3346 1265 3378 con-

147 3393 258 3457 temptui
267 3393 370 3449 habuit,
385 3409 463 3456 quarn
476 3393 558 3442 voluit
568 3411 621 3441 non
634 3393 748 3456 accepit;
761 3393 899 3457 impletum
918 3409 949 3440 ue
966 3393 1044 3442 estin
1059 3393 1167 3456 eoquod
1183 3391 1266 3440 David

102 3467 131 3504 35
146 3455 253 3510 cecinit,
274 3455 362 3502 dicens
383 3453 490 3502 :Noluit
509 3455 715 3510 benedictionem,
736 3459 760 3502 et
771 3409 970 3520 prolongaditur
988 3455 1021 3502 ab
1040 3472 1069 3502 eo
1080 3456 1100 3502 ¹.
1117 3455 1181 3503 Erat
1197 3454 1266 3502 enim

146 3517 271 3566 vanitatis
285 3523 393 3566 coturno
401 3517 500 3575 clatus,
514 3518 616 3566 nullum
627 3517 677 3566 sihi
689 3524 785 3580 putans
797 3517 824 3564 in
840 3517 976 3566 sanctitate
986 3516 1077 3566 haberi
1090 3516 1265 3582 praestantio-

147 3595 211 3627 rem.
224 3579 292 3628 Nam
304 3579 417 3643 quadam
428 3579 484 3628 vice
496 3579 651 3628 conductam
662 3579 798 3642 pecuniam
810 3579 944 3628 mulierem
956 3579 1069 3628 clamare
1082 3580 1141 3628 tecit
1154 3579 1180 3627 in
1188 3579 1266 3626 eccla·

148 3641 187 3690 sia
200 3641 276 3705 quusi
289 3657 336 3706 per
345 3641 473 3706 inergiam
484 3648 509 3690 ct
522 3658 549 3690 sc
559 3647 678 3692 sanctum
690 3657 815 3714 magnum
832 3642 934 3706 Deoque
946 3658 1036 3708 carum
1051 3642 1183 3698 confiteri,
1197 3639 1265 3688 Cau·

147 3704 232 3752 tinum
243 3709 330 3752 autem
346 3703 498 3767 episcopum
511 3704 632 3752 omnibus
652 3703 794 3752 sceleribus
813 3703 984 3752 criminosum
1000 3703 1201 3769 indignumque,
1221 3702 1265 3766 qui

103 3780 133 3818 4⁰
149 3764 324 3814 sacerdotium
336 3765 470 3814 debuisset
485 3766 605 3829 adipisci.

181 3933 218 3980 12.
242 3932 359 3996 Denique
380 3932 520 3989 Cuntinus,
543 3931 683 3996 adsumpto
699 3929 786 3997 episeo
807 3939 864 3990 atu,
885 3933 965 3980 talem
989 3948 1015 3980 se
1038 3932 1163 3990 reddidit,
1182 3939 1210 3981 ut
1233 3933 1267 3981 ab

151 3994 272 4043 omnihus
284 4001 455 4052 execraretur,
467 3995 527 4042 vino
541 3995 611 4042 ultra
623 3994 728 4042 modum
744 3995 775 4042 de
795 3995 855 4044 itus.
871 3996 937 4043 Nam
953 3996 1107 4059 plerumque
1121 3995 1146 4042 in
1165 4001 1267 4043 tantum

151 4055 338 4105 infundebatur
350 4063 426 4122 potu,
444 4064 472 4106 ut
484 4057 515 4104 de
532 4057 664 4118 conttvivio
680 4057 723 4104 vix
739 4074 754 4105 a
771 4064 893 4122 quattuor
906 4063 1064 4121 portaretur.
1079 4058 1154 4105 Unde
1170 4058 1267 4105 lactum
1277 4055 1330 4104 Col.
1347 4055 1402 4104 150.

151 4124 202 4176 est,
217 4125 247 4167 ut
257 4119 419 4184 epyleuticus
432 4121 506 4168 fieret
517 4120 543 4171 in
557 4120 683 4183 sequenti.
695 4119 769 4176 Quod
777 4120 880 4184 saepius
892 4120 998 4185 populis
1011 4120 1206 4169 manifestatum
1218 4127 1265 4169 est.

107 4198 136 4237 ¹15
150 4181 213 4229 Erat
226 4181 296 4230 enim
313 4187 338 4230 ct
357 4182 483 4230 avaritiae
498 4181 524 4229 in
538 4187 640 4229 tuntum
655 4181 822 4239 incumbens,
834 4189 871 4238 ut,
886 4181 1075 4246 cuiuscumque*
1087 4182 1266 4245 possessiones

177 4337 198 4384 1.
219 4337 261 4386 Pa.
276 4336 381 4393 108,18.
