3220 5158
357 433 386 479 38
640 431 797 480 GREGORII
815 430 1189 482 TURONENSISEPISGOPI

358 551 441 628 eius,
456 548 492 612 in
511 550 613 613 multa
631 549 845 629 abstinentia,
866 551 1026 615 maximae
1043 551 1174 616 inaedia
1197 575 1231 614 se
1250 556 1470 626 consumens,

356 653 403 716 ita
417 663 455 716 ut
469 650 562 715 bidui
576 651 744 740 triduique
765 653 836 716 sine
853 652 921 716 ullo
940 652 1017 717 cibo
1035 666 1182 742 potoque
1199 653 1208 698 ¹
1224 664 1388 730 maneret,
1409 676 1472 716 nec

358 766 446 818 esset
469 751 678 818 intervallum
701 752 855 842 aliquod,
887 756 928 818 ab
959 755 1109 820 oratione
1137 767 1293 818 cessaret.
1322 755 1472 842 Cumque

356 855 482 921 ibidem
496 856 748 943 permultorum
768 855 897 921 dierum
916 859 1026 946 spacia
1045 856 1080 920 in
1098 855 1155 920 tali
1170 855 1350 920 afflictione
1367 879 1472 919 mora-

357 971 460 1038 retur,
484 959 589 1022 fertur
615 960 722 1022 hoca
746 959 844 1022 beato
871 960 1022 1048 apostolo
1050 961 1220 1049 accepisse
1245 982 1441 1046 responsum
1463 983 1501 1021 :5

237 1062 291 1108 Col.
306 1063 341 1109 52.
358 1086 375 1123 «
393 1059 483 1143 Quid
503 1085 574 1140 me,
599 1061 649 1124 vir
671 1062 897 1141 sanctissime,
928 1060 940 1151 ll
961 1062 1150 1151 inquietas?
1171 1064 1257 1126 Ecce
1276 1061 1365 1124 enim
1385 1061 1472 1150 apud

355 1160 489 1226 Domini
524 1161 800 1228 deliberationem
833 1187 970 1252 prorsus
993 1161 1179 1227 sanccitum
1191 1175 1254 1242 est,
1273 1162 1409 1227 Chunos
1437 1164 1473 1226 in

355 1263 480 1329 Gallias
501 1265 674 1346 advenire,
700 1289 822 1354 easque
843 1267 983 1329 maxima
1004 1277 1204 1353 tempestate
1227 1264 1350 1329 debere
1370 1264 1473 1353 depu-

355 1366 433 1430 lare.
447 1368 544 1432 Nunc
559 1369 661 1457 igitur
676 1391 768 1432 sume
781 1369 958 1434 consilium
970 1393 1091 1448 meum,
1101 1368 1290 1432 adcelerare
1301 1367 1470 1448 velociter,

355 1469 473 1534 ordina
492 1470 627 1534 domum
641 1482 748 1550 tuam,
765 1470 970 1558 sepulturam
988 1495 1160 1559 conpone,
1179 1494 1339 1559 requaere
1354 1469 1474 1534 lentia-
1490 1495 1517 1533 10

356 1569 443 1635 mina
461 1571 604 1636 munda!
627 1574 713 1637 Ecce
734 1573 822 1637 enirn
848 1573 1044 1663 migraberis
1070 1597 1087 1636 a
1113 1597 1270 1662 corpore,
1300 1597 1361 1637 nec
1381 1571 1474 1636 vide-

355 1675 440 1738 bunt
467 1674 556 1738 oculi
582 1676 631 1751 tui
658 1676 759 1754 mala,
782 1699 866 1764 quae
887 1676 1006 1741 facturi
1022 1689 1099 1740 sunt
1125 1675 1256 1757 [Chuni]
1283 1675 1317 1738 in
1338 1674 1472 1754 Galliis,

356 1777 442 1840 sicut
466 1777 599 1842 locutus
628 1791 678 1842 est
702 1778 857 1843 dominus
888 1783 978 1844 Deus
1012 1791 1137 1844 noster,
1173 1781 1292 1842 »·Hoc
1317 1802 1335 1841 a
1361 1789 1476 1842 sancto

356 1879 508 1966 apostolo
540 1880 690 1968 pontifex
715 1905 877 1969 responso
910 1891 1083 1970 suscepto,
1110 1881 1174 1945 iter
1198 1880 1362 1946 accelerat
1397 1878 1476 1945 Gal·
1604 1955 1605 1958 Ἴ

356 1981 485 2070 liasque
499 1982 659 2047 velociter
677 1982 810 2072 repetit,
832 1985 1036 2071 veniensque
1053 1983 1094 2048 ad
1115 1985 1231 2049 urbem
1250 1985 1473 2072 Tungrorum,
1492 2009 1517 2046 15

358 2108 442 2174 quae
461 2098 557 2148 erant
567 2084 755 2149 necessaria
771 2088 962 2174 sepulturae
984 2110 1096 2150 secum
1114 2086 1212 2149 citius
1228 2085 1331 2164 levat,
1350 2083 1476 2149 valedi-

360 2214 506 2278 censque
524 2188 654 2258 clericis
681 2212 718 2252 ac
745 2188 883 2278 reliquis
905 2187 1032 2253 civibus
1060 2189 1171 2268 urbis,
1199 2189 1381 2252 denunciat
1403 2213 1477 2253 cunr

360 2293 439 2357 lletu
458 2305 491 2356 et
511 2290 766 2370 lamentatione,
797 2293 875 2381 quia
902 2317 969 2357 non
993 2291 1095 2356 visuri
1123 2305 1235 2356 essent
1255 2292 1341 2356 ultra
1361 2292 1478 2356 faciem

241 2405 296 2452 Fol.
311 2405 347 2450 17.
360 2394 460 2459 illius.
481 2393 494 2484 ll
511 2394 554 2459 At
573 2394 622 2457 illi
639 2417 713 2458 cum
733 2395 858 2459 ululato
881 2419 1001 2484 magno
1021 2406 1054 2458 et
1072 2393 1219 2458 lacrimis
1236 2406 1479 2484 prosequentes

362 2498 603 2586 supplecabant
626 2497 744 2562 humili
767 2522 903 2586 praece,
931 2497 1082 2562 dicentes
1107 2523 1114 2560 τ
1145 2524 1161 2559 «
1187 2499 1235 2563 Ne
1264 2496 1520 2585 derelinquasao

362 2626 442 2680 nos,
464 2613 559 2688 pater
578 2614 706 2682 sancte,
730 2625 771 2666 ne
794 2601 1003 2666 obliviscaris
1028 2601 1154 2678 nostri,
1180 2613 1295 2688 pastor
1314 2599 1437 2663 bonit!
1462 2625 1478 2660 a

364 2702 431 2770 Sed
453 2725 526 2768 cum
547 2727 621 2768 eum
637 2703 770 2768 fletibus
792 2728 947 2768 revocare
968 2703 1200 2792 nonpossint,
1224 2716 1360 2792 accepta
1381 2705 1480 2768 bene-

364 2808 512 2872 dictione
533 2831 605 2871 cum
626 2809 767 2888 osculis,
790 2807 973 2872 redierunt.
997 2807 1058 2872 Hic
1075 2831 1153 2871 vcro
1177 2807 1217 2870 ad
1233 2809 1479 2873 Treiectcnsern

365 2910 482 2975 urbem
502 2909 684 2992 accedens,
707 2910 836 2975 modica
854 2910 1004 3000 pulsatus
1017 2910 1275 2992 febre,reccssit
1293 2935 1311 2974 a
1327 2934 1478 2998 corpore,

367 3012 565 3101 ablutusque
587 3037 604 3076 a
624 3012 799 3094 fidelihus,
821 3015 911 3078 iuxta
933 3015 1042 3103 ipsum
1061 3001 1222 3105 'aggerem
1241 3014 1414 3102 publicum
1432 3027 1482 3078 est
1494 3037 1520 3075 aa
1604 3041 1605 3090 ᾖ

368 3116 529 3205 sepultae.
562 3116 663 3180 Cuius
690 3118 823 3181 beatum
857 3139 978 3206 corpus
1013 3117 1156 3205 qualiter
1191 3129 1268 3205 post
1304 3116 1481 3180 multorum
1604 3107 1605 3132 l

367 3232 556 3307 temporum
584 3219 695 3307 spacia
729 3219 772 3283 sit
806 3220 1023 3299 translatum,
1060 3219 1096 3283 in
1115 3217 1220 3282 ¹libro
1247 3219 1482 3284 Miraculorum

370 3321 576 3411 scripsimus.

412 3506 441 3572 V
458 3503 512 3592 (6)
525 3504 630 3594 Igitur
638 3503 747 3568 Chuni
765 3525 783 3566 a
798 3504 980 3568 Pannoniis
996 3501 1134 3593 egressi,
1152 3515 1189 3566 ut
1209 3501 1341 3591 quidam
1360 3504 1481 3583 ferunt,

369 3611 405 3674 in
423 3609 497 3697 ipsa
517 3617 650 3670 sanctae
661 3607 805 3693 paschae
824 3605 938 3695 vigilia
957 3605 997 3669 ad
1017 3607 1206 3670 Mettensen
1227 3606 1343 3669 urbem
1357 3605 1483 3694 reliqua
1498 3633 1522 3670 aa
1604 3631 1605 3644 ¹

371 3707 607 3799 depopulando
616 3719 851 3796 pervenerunt,
862 3709 1033 3771 tradentes
1049 3708 1165 3770 urbem
1179 3707 1348 3785 incendio,
1361 3707 1485 3796 populo
1550 3779 1553 3784 ,
1604 3745 1605 3790 1

372 3813 407 3877 in
426 3835 482 3876 ore
500 3810 602 3902 gladii
621 3811 828 3874 trucidantes
856 3812 1015 3900 ipsosque
1042 3809 1232 3874 sacerdotes
1252 3808 1388 3874 Domini
1411 3822 1485 3875 ante

254 3915 307 3964 001.
323 3916 351 3962 ⁵3
373 3909 597 4005 sacrollsancta
624 3912 738 3976 altaria
764 3914 978 4001 perimentes.
1006 3914 1074 3978 Nec
1096 3913 1254 3977 remansit
1276 3913 1310 3976 in
1335 3936 1373 3976 ea
1393 3911 1486 3978 locus

372 4019 502 4082 inustus
520 4028 652 4106 praeter
672 4015 853 4081 oratorium
880 4018 969 4081 beati
995 4016 1122 4082 Stelani
1151 4016 1249 4104 primi
1275 4017 1427 4103 martyris
1450 4039 1485 4081 ac

373 4121 501 4186 levitae.
521 4121 570 4186 De
595 4141 661 4208 quo
682 4119 828 4184 oraturio
848 4143 931 4209 quae
957 4143 975 4183 a
997 4117 1197 4208 quibusdam
1220 4117 1328 4182 audivi
1353 4141 1486 4183 narrare
1499 4146 1523 4185 35

405 4343 426 4391 l.
446 4345 516 4391 Corr.
530 4348 602 4405 potu.
616 4369 647 4379 ·-
663 4343 684 4388 2.
706 4342 775 4389 Corr.
790 4340 864 4389 bone.
