3256 5144
404 473 568 520 lllS'l'OlllAE
589 476 785 522 suaromton
806 477 899 524 lalllllll
922 477 959 524 l'l.

421 785 579 848 lNClPl'l'
605 787 733 850 LIBER
759 788 947 864 SEXTUS,
1256 813 1309 858 iau.
1326 814 1378 860 an.

125 898 373 962 lNCHOdTUS
388 899 443 962 ΑΒ
463 899 580 963 ΑΝΝΟ
598 901 739 965 SEXTU
760 902 1037 966 caltiamentis
1041 905 1082 965 lll
1101 903 1244 967 REGIS.

169 1196 191 1255 l.
221 1193 316 1255 :luno
339 1191 441 1281 igitur
456 1207 549 1257 sexto
567 1195 659 1282 regni
682 1194 732 1258 sui
752 1195 1014 1259 (lhildcberthus
1033 1220 1109 1273 rex,
1138 1196 1243 1260 reiec-

124 1307 188 1356 tam
211 1317 325 1382 pacem
345 1295 589 1359 Guutohramni
609 1296 710 1385 regis,
737 1322 811 1361 cum
830 1295 1023 1385 Chilpcrioo
1044 1295 1243 1362 coniunctus¹

94 1409 183 1460 sest.
216 1398 291 1462 Non
316 1410 393 1484 post
417 1397 556 1462 multum
583 1411 714 1488 tempus
751 1403 847 1489 Gogo
883 1398 1041 1478 moritum
1079 1397 1113 1464 in
1151 1398 1244 1464 cuius

124 1499 231 1562 locum
254 1500 483 1568 Wandclenus
502 1502 713 1589 subrogatur.
745 1503 945 1566 lllummulus
970 1527 985 1564 a
1011 1526 1116 1591 ‘regno
1135 1505 1243 1567 Gunt-

123 1600 272 1664 ohramni
301 1601 377 1691 fuga
401 1600 561 1666 dilabitur
589 1616 621 1667 et
653 1628 686 1667 sc
715 1602 799 1668 infra
832 1627 963 1668 murum
996 1604 1241 1668 Avennicormn

123 1702 309 1766 munitione
325 1703 506 1769 concludit.
531 1705 628 1794 Apud
652 1705 851 1795 Lugdunum
878 1705 1043 1792 synodum
1065 1705 1243 1794 episeopo-

125 1827 193 1868 rum
219 1803 446 1894 coniungitur,
471 1807 677 1872 diversarum
698 1830 871 1871 causacum
898 1808 1134 1872 altercationes
1155 1807 1243 1871 incr·

78 1933 104 1968 m
121 1907 204 1972 dens
216 1905 556 1996 neglegentiorcsque
569 1907 694 1971 iudicio
711 1907 884 1972 damnans.
906 1908 1062 1995 Synodus
1076 1909 1117 1973 ad
1130 1933 1242 1998 regem

124 2009 309 2086 revertitur,
330 2009 432 2072 multa
450 2009 491 2072 de
510 2009 586 2098 luga
605 2010 777 2073 Mummuli
799 2010 908 2076 ducis.
932 2011 1093 2074 nonmdla
1115 2011 1156 2074 de
1174 2011 1243 2075 dis-

122 2109 245 2174 cordiis
266 2122 420 2174 tractant.

168 2293 206 2355 ll.
236 2295 363 2354 luteres
379 2291 479 2379 legati
498 2291 681 2378 Chilpcrioi
698 2295 806 2382 regis,
830 2293 886 2379 qui
908 2307 983 2358 anto
1003 2295 1183 2360 triennium
1202 2299 1241 2360 ad

122 2397 146 2456 Τ
148 2390 299 2480 ybcrium
329 2393 563 2479 imperatorem
593 2391 762 2470 abierant,
794 2395 937 2482 regressi
973 2409 1049 2460 sunt
1078 2421 1142 2459 non
1169 2399 1242 2460 siue

82 2523 105 2558 n
120 2519 219 2586 grave
234 2495 355 2558 damno
374 2507 473 2583 atque
488 2495 613 2560 labore.
631 2491 644 2584 Η
654 2497 735 2560 Nam
755 2519 828 2559 cum
846 2495 1090 2562 Massiliensem
1108 2509 1240 2586 portum
1254 2520 1309 2566 cot.
1324 2523 1376 2565 rra.

122 2612 259 2686 propter
279 2621 394 2686 regum
417 2597 603 2662 discordias
625 2596 716 2661 adiro
743 2598 813 2661 ainsi
842 2622 916 2661 non.
935 2611 1064 2678 essent,
1089 2601 1239 2688 agathae

121 2702 254 2778 urbem,
272 2699 407 2788 quaein
426 2700 613 2764 Gothorum
632 2721 736 2788 regno
758 2697 818 2762 sita
837 2711 903 2781 est,
932 2700 1150 2766 advenerunt.
1173 2702 1238 2766 Sed

122 2801 313 2890 priusquam
338 2799 416 2864 litus
437 2801 661 2889 attingerent,
685 2823 783 2863 naves
803 2813 874 2864 acta
889 2813 1001 2880 vento,
1022 2801 1152 2890 inpulsa
1171 2815 1239 2866 ter—

122 2903 164 2967 ris
182 2904 215 2968 in
241 2897 360 2969 frustra
386 2901 556 2968 minuitur.
581 2904 694 2992 Legati
717 2925 796 2966 vcro
815 2927 888 2966 trum
915 2902 1028 2990 pueris
1047 2928 1082 2967 sc
1101 2904 1134 2967 in
1152 2902 1236 2992 peri-

76 3034 103 3070 ao
119 3008 194 3072 cralo
213 3019 409 3084 cernentes,
430 3004 571 3092 arreptis
590 3004 711 3069 tabulis
727 3055 733 3083 ,
749 3003 803 3068 vix
821 3006 912 3092 ripae
928 3005 1022 3069 relati
1042 3018 1131 3084 sunt,
1153 3005 1237 3069 mul-

119 3109 161 3174 tis
184 3133 363 3198 puerorum
388 3107 537 3185 amissis3
571 3107 629 3171 sed
660 3106 793 3195 plurimi
819 3121 1005 3172 evaserunt.
1040 3110 1105 3172 Res
1127 3121 1235 3172 atatem

119 3235 200 3298 quas
219 3211 308 3275 unda
329 3209 437 3274 litoris
465 3209 650 3286 invexerat,
677 3207 806 3272 incolae
829 3221 1029 3296 rapuerunt;
1052 3233 1092 3272 ex
1116 3210 1237 3296 quibus

119 3337 202 3400 equae
228 3312 346 3378 melius
370 3311 432 3376 suit
451 3309 669 3398 recipientes,
699 3310 740 3373 ad
769 3310 996 3398 Chilpcricum
1018 3333 1131 3398 regem
1155 3311 1237 3374 tule-

118 3427 206 3479 runt.
234 3415 339 3480 Multa
362 3427 474 3480 tamen
505 3435 545 3476 ex
573 3410 625 3475 his
650 3412 834 3501 Agatenscs
860 3435 973 3476 seeum
1005 3423 1232 3477 retenuerunt.

75 3521 211 3581 salano
237 3541 299 3606 ego
320 3515 543 3604 Novigentum
565 3513 642 3577 villa
674 3513 714 3576 ad
742 3537 917 3577 occursum
952 3513 1041 3602 regis
1070 3513 1234 3582 abieram:

119 3618 232 3707 ibique
259 3619 356 3682 nobis
381 3642 438 3680 rex
463 3615 653 3679 missorium
678 3639 851 3704 magnum,
875 3617 964 3704 quod
983 3639 1021 3678 cx
1043 3639 1124 3680 atrro
1147 3641 1235 3705 geui-

119 3720 247 3809 misque
279 3718 504 3783 fabrecaverat
534 3719 568 3781 in
597 3715 847 3805 quinquagenta
881 3715 1037 3781 libramm
1064 3718 1232 3806 pondere,

117 3821 277 3900 ostendit,
300 3819 415 3884 dicens
439 3846 444 3882 :
469 3847 484 3879 a
512 3822 582 3908 Ego
610 3819 691 3882 haec
709 3818 750 3881 ad
769 3819 993 3883 exornandam
1013 3831 1110 3907 atque
1124 3820 1236 3909 nobi-ll

117 3921 277 3986 litandam
294 3923 498 3986 Francorum
513 3932 648 4009 gentem
668 3918 742 3983 leci.
767 3919 832 3984 Sed
855 3932 888 3983 et
902 3920 1044 4007 plurima
1060 3919 1188 3998 adhuc,
1208 3924 1234 3986 si
1247 3944 1300 3989 Cat.
1316 3946 1369 3988 ⁸:712.

74 4052 100 4086 :a
115 4023 180 4088 vita
205 4045 317 4088 comes
351 4021 465 4099 luerit,
492 4021 621 4087 faciam.
658 4049 674 4082 a
709 4021 836 4086 rlureos
866 4021 964 4086 etiam
994 4021 1199 4110 singularum
1223 4021 1350 4110 litatae.

119 4123 276 4191 librarum
292 4124 461 4213 pondere,
485 4147 569 4211 quos
591 4124 774 4212 imperator
798 4123 903 4201 misit,
924 4121 1090 4198 ostendit,
1110 4124 1234 4188 haben-

116 4241 167 4293 tes
186 4228 228 4291 ab
247 4250 310 4291 una
328 4237 421 4313 parte
442 4224 596 4290 hiconam
614 4223 825 4314 imperatoris
853 4224 991 4313 pictam,
1017 4236 1050 4288 et
1072 4224 1232 4290 scribtum

119 4328 148 4390 in
172 4327 297 4390 ‹rirculo
321 4351 327 4388 2
352 4352 478 4390 'rrauun
512 4352 721 4390 cessaturam
755 4351 905 4391 ruuenrrr
931 4349 1085 4392 ,unrsnz
1107 4328 1146 4388 alr
1173 4325 1233 4390 alia
