3256 5144
398 442 580 492 ‘lllSTORIAE
598 442 799 492 FRANGORUM
816 439 912 494 claua
930 445 972 492 v1.
1227 445 1268 492 raa

145 573 344 652 pugnarent.
372 563 497 626 Tamen
522 561 562 624 ab
588 559 646 623 illo
675 560 750 624 loco
777 553 1007 642 discedentes,
1035 561 1213 626 inruerunt
1232 560 1266 624 in

145 661 301 728 domibus
327 659 429 751 Lupi3
459 674 507 742 et,
542 662 674 750 direpto
704 661 795 726 omni
825 663 1016 752 praesidio,
1045 663 1211 752 fingentes
1232 687 1267 727 se

146 763 228 828 illud
247 763 282 828 in
299 766 458 829 thesauro
474 763 562 852 regis
575 763 772 843 recondere,
791 763 859 828 sais
878 786 952 828 eum
971 764 1126 828 domibus
1144 763 1266 828 intule-

146 879 239 944 rant,
261 867 478 932 intendentes
506 867 590 953 Lupi
615 867 1066 954 moenns1atquedicentes
1092 893 1098 930 :
1123 893 1139 929 u
1166 866 1267 933 Vivus

116 969 265 1035 svirtute
287 982 420 1034 nostrae
446 991 514 1033 non
535 967 654 1034 evadit.
683 993 700 1033 u
725 969 768 1033 At
792 969 849 1033 ille
872 993 1013 1035 cernens
1032 995 1066 1036 se
1090 973 1125 1036 in
1153 969 1267 1036 discri-

146 1075 253 1150 mine,
270 1085 342 1137 tuta
364 1072 449 1136 infra
467 1072 560 1136 urbis
581 1073 743 1161 Lugdune
769 1073 923 1137 Clavatae
949 1095 1063 1137 murus
1091 1071 1267 1163 coniugem

146 1201 254 1253 suam,
275 1175 317 1239 ad
338 1176 627 1240 Guntchramnum
654 1195 765 1264 rcgem
789 1173 950 1266 confugit.
976 1176 1002 1240 A
1029 1199 1094 1263 quo
1122 1174 1268 1264 benigne

146 1291 338 1366 susceptus,
366 1298 441 1342 cum
468 1301 508 1340 eo
539 1277 651 1354 latuit,
684 1285 886 1365 expectans,
909 1289 947 1341 ut
971 1276 1208 1341 Childebertus
1228 1274 1267 1342 nd

145 1379 328 1471 legitimam
347 1377 538 1475 perveniret
558 1389 711 1443 aetutem.

104 1589 130 1626 u
189 1565 227 1630 V.
247 1557 355 1650 lgitur
369 1559 582 1647 Chilpericus
601 1584 669 1638 rex,
689 1585 763 1624 cum
782 1562 890 1626 adhuc
907 1563 947 1626 ad
967 1561 1192 1650 supradictam
1207 1563 1268 1627 vil-

145 1667 210 1728 lam
236 1674 436 1741 moraretur,
463 1660 693 1750 iupedimenta
719 1663 843 1728 moveri
872 1652 1100 1751 praecipiens,
1123 1663 1268 1728 Parisiua

144 1765 257 1830 venire
273 1766 435 1854 disponit.
452 1763 502 1828 Ad
521 1783 619 1851 quern
637 1763 788 1828 onmium
805 1764 875 1828 vale
892 1765 1043 1828 dicturos
1059 1763 1266 1843 accederem,

146 1869 288 1934 Iudaeus
317 1868 453 1956 quidam
483 1865 617 1930 Priscus
644 1866 795 1947 nomine,
829 1867 886 1955 qui
912 1867 942 1931 ei
972 1867 1012 1932 ad
1035 1866 1165 1954 species
1192 1887 1268 1932 coe-

147 1969 284 2035 mendas
323 1968 501 2034 familiares
539 1980 626 2046 erat,
664 1968 808 2032 advenit.
848 1968 951 2033 Cuius
996 1967 1176 2033 caesariem
1213 1987 1269 2032 rex

105 2099 130 2137 ‘15
145 2071 269 2137 blande
297 2071 527 2159 adpraehensa
554 2093 670 2148 manu,
703 2069 748 2132 ait
775 2071 816 2133 ad
851 2095 916 2148 me,
950 2071 1066 2135 dicens
1092 2094 1097 2134 :
1127 2069 1266 2149 «Veni,

145 2173 302 2239 sacerdos
320 2171 401 2250 Dei,
420 2184 454 2235 et
472 2171 596 2260 inpone
624 2195 758 2236 manum
781 2197 882 2261 super
897 2199 984 2238 enm.
1004 2199 1020 2234 n
1048 2173 1108 2237 1110
1135 2167 1269 2262 quoque

145 2275 324 2351 renitente,
351 2274 397 2338 ait
418 2297 475 2338 rex
502 2299 507 2336 :
540 2301 557 2335 u
587 2277 615 2338 Ο
641 2298 734 2338 mons
759 2275 841 2338 dura
873 2288 906 2338 et
931 2274 1104 2365 generatio
1138 2296 1270 2362 semper

144 2374 330 2454 incredula,
364 2399 448 2463 quae
477 2399 545 2440 non
574 2373 743 2466 intellegit
762 2375 826 2440 sibi
856 2379 1096 2464 prophetarum
1129 2375 1268 2440 vocibus

145 2477 403 2568 repromissum3
434 2501 502 2542 non
531 2477 699 2568 intellegit
726 2476 932 2542 eclesiastica
957 2479 1112 2565 mysteria
1139 2477 1174 2540 in
1200 2475 1268 2541 suis

103 2609 130 2646 ro
146 2579 318 2646 sacrificiis
339 2580 490 2669 figurata.
514 2607 529 2641 a
549 2584 637 2644 Haec
660 2605 699 2644 eo
719 2579 871 2658 dicente,
893 2581 1032 2644 ludaeos
1052 2579 1119 2644 ait:
1141 2607 1158 2642 u
1178 2583 1267 2644 Deus

145 2707 212 2750 non
231 2681 300 2771 egit
318 2705 426 2769 neque
444 2681 538 2769 prole
559 2682 685 2746 ditatur
702 2703 812 2771 neque
836 2684 1146 2756 ullamconsortenr
1172 2681 1268 2771 regni

144 2787 268 2850 habere
289 2785 426 2872 patitur,
453 2782 509 2871 qai
532 2808 593 2870 per
616 2786 755 2870 Moysen
777 2784 851 2848 ait:
886 2786 1011 2862 Videte,
1042 2786 1160 2859 rddere,
1189 2789 1268 2873 quia

144 2913 202 2978 ego
216 2908 288 2952 aum
311 2888 471 2950 Dominus
498 2887 621 2974 ubsque
641 2911 691 2949 me
708 2909 773 2949 non
793 2901 839 2950 est
862 2889 964 2951 Deua.
985 2889 1056 2975 Ego
1076 2887 1222 2949 occidam
1239 2901 1269 2948 et

143 3015 201 3079 ego
226 2996 330 3054 vivere
351 2989 497 3078 farriam
514 2991 719 3076 percutiam,
747 3004 778 3050 et
799 3013 856 3077 ego
875 2991 1002 3052 sanabo
1015 2989 1039 3053 2.
1070 3015 1086 3050 a
1107 2987 1157 3052 nd
1185 2989 1267 3052 haec

102 3119 128 3157 rs
144 3115 202 3158 rex
226 3089 239 3180 11
267 3089 336 3154 ait:
358 3116 375 3150 a
398 3093 487 3154 Deus
508 3091 549 3153 ab
574 3089 716 3177 spiritali
742 3103 837 3154 utero
857 3091 976 3155 Filium
999 3091 1116 3181 genuit
1148 3089 1334 3178 scrupi-Col.
1350 3111 1401 3157 275.

144 3209 289 3271 ternum,
312 3217 380 3256 non
399 3203 505 3256 aetate
526 3191 674 3270 iuniore,
695 3215 763 3257 non
784 3205 949 3280 potestate
977 3193 1122 3271 minore,
1143 3193 1266 3280 dequo

146 3297 217 3386 ipse
233 3297 278 3360 ait
299 3322 305 3359 :
325 3297 381 3358 Ec
401 3309 492 3357 utero
513 3307 590 3358 ante
611 3294 749 3384 lucifero
763 3300 868 3383 genui
886 3309 915 3357 te
927 3297 950 3359 3.
980 3298 1075 3359 Hunc
1091 3315 1171 3386 ergo
1190 3308 1266 3358 ante

145 3395 276 3463 saecula
302 3409 415 3460 natum
434 3395 469 3459 in
495 3395 685 3459 novissimis
708 3394 850 3460 saeculis
874 3395 998 3462 mundo
1023 3395 1114 3461 misit
1133 3409 1266 3462 sanato-

146 3525 227 3578 rem,
246 3501 331 3564 sicut
351 3498 397 3561 ait
414 3497 577 3586 propheta
591 3509 668 3562 tuus
684 3523 690 3561 :
709 3500 800 3562 Misit
825 3499 960 3562 Verbum
980 3514 1088 3578 sustin,
1109 3513 1139 3564 et
1164 3520 1266 3562 scitu·-

103 3631 129 3666 ro
145 3609 189 3668 vit
201 3601 287 3666 coel.
313 3600 410 3684 Quod
431 3613 540 3664 autem
557 3598 622 3677 ais,
638 3600 716 3688 quia
736 3599 809 3688 ipsc
827 3614 1067 3688 congeneret,
1091 3591 1167 3668 andi
1188 3621 1267 3689 pro-

145 3707 280 3794 phetam
298 3715 391 3768 tuum
409 3701 576 3766 dicentem
604 3725 644 3766 ex
665 3727 746 3766 voce
774 3701 943 3766 dominica
970 3729 976 3765 :
1002 3695 1173 3793 Numquid
1191 3728 1265 3791 ego,

145 3812 204 3897 qui
220 3806 303 3870 alius
324 3829 447 3895 parere
471 3806 581 3895 facio,
608 3811 676 3890 ipae
698 3826 763 3868 non
787 3825 928 3893 paream
945 3805 977 3868 ⁵?
1005 3809 1092 3870 Haec
1115 3805 1203 3870 enim
1226 3806 1268 3868 de

145 3905 291 3998 populo,
321 3909 378 3996 qui
404 3907 438 3972 in
464 3931 538 3971 eum
560 3931 620 3994 per
643 3905 743 3971 fidem
771 3905 969 3984 renascitur,
993 3906 1048 3972 ait.
1072 3931 1088 3968 a
1110 3903 1161 3972 Ad
1187 3909 1269 3972 haec

146 4009 288 4077 ludaeos
304 4008 480 4097 respondit
500 4036 507 4074 ι
534 4007 737 4098 «Numquid
757 4011 847 4074 Deus
868 4010 969 4074 homo
990 4008 1061 4074 fieri
1085 4009 1195 4098 potuit
1215 4021 1270 4074 aut

148 4317 159 4328 Β
178 4251 209 4358 1ὐῖ
219 4253 291 4358 opp
302 4265 395 4358 penas
418 4277 449 4288 -
466 4253 488 4298 a.
507 4251 580 4298 nau.
596 4252 734 4302 1031,-
758 4254 779 4297 a.
799 4248 840 4300 rs.
857 4250 914 4308 roa,
928 4245 950 4298 a.
965 4277 993 4288 -
1011 4251 1032 4296 a.
1053 4241 1095 4299 Ps.
1114 4243 1270 4307 10010.-

146 4331 170 4359 n.
212 4327 232 4358 s.
283 4350 288 4368 ,
322 4349 326 4360 .
