3238 5140
397 459 427 506 lt
681 456 838 507 Gnuoonu
856 451 1064 504 TURONENSlS
1081 451 1232 502 EPISCOPI

398 574 562 640 restituit.¹
580 573 647 640 Sed
671 574 754 638 haec
779 571 952 662 captivitas
977 583 1091 659 typum
1119 569 1210 636 illins
1230 568 1445 658 captivitatis,
1472 581 1506 634 ut

397 689 495 766 puto,
519 676 625 768 gerit,
646 677 682 739 in
705 699 771 764 qua
793 675 900 754 anima
918 673 1088 764 peccatrix
1109 673 1298 753 abducitur,
1324 697 1422 763 quam
1445 673 1504 738 nisi

396 779 593 859 Zorobabel,
610 777 644 844 id
662 788 713 842 est
726 777 892 858 Christus,
905 776 1107 856 liberaverit,
1123 774 1331 840 horribiliter
1349 775 1503 842 exulabit.

396 885 470 969 lpse
491 883 579 946 enim
597 880 760 946 Dominus
775 879 809 944 in
827 879 1002 970 euangelio
1018 878 1122 944 dicit:
1147 879 1185 942 Sr'
1198 903 1252 944 vos
1266 877 1372 943 Filius
1389 879 1506 944 libera-

397 989 488 1061 verit,
503 1009 576 1048 cere
585 984 679 1048 liberi
690 983 816 1047 ernest
836 980 850 1071 ll
866 985 941 1070 lpse
952 983 1041 1048 enim
1053 979 1117 1045 sibi
1130 979 1166 1044 in
1179 979 1277 1044 nobis
1290 981 1463 1069 templum,
1474 983 1506 1048 in
1518 1009 1529 1046 5

396 1109 463 1173 quo
480 1085 638 1172 dignetur
656 1082 1051 1162 habitaresconstituat,
1077 1085 1111 1146 in
1135 1106 1203 1173 quo
1227 1082 1311 1147 fides
1335 1096 1372 1148 ut
1395 1108 1506 1150 aurum

396 1187 521 1268 luceat,
538 1187 572 1252 in
593 1212 659 1277 quo
676 1185 844 1276 eloquium
869 1184 1129 1275 praedicationis
1150 1198 1188 1249 ut
1205 1197 1379 1276 argentum
1398 1188 1507 1276 splen-

397 1290 492 1370 deat,
512 1289 631 1378 inquo
659 1290 770 1361 omnia
799 1287 964 1353 visibilis2
988 1287 1104 1377 templi
1134 1287 1224 1353 illius
1254 1302 1451 1355 ornamenta
1477 1291 1508 1355 in

397 1405 587 1457 nostrornm
623 1413 787 1456 >sensuum
824 1393 998 1456 honestate
1038 1389 1226 1455 clariscant.
1262 1393 1374 1456 Bonae
1413 1393 1508 1458 etiam

396 1495 563 1560 volontate
584 1508 716 1560 nostrae
731 1493 803 1583 ipse
827 1492 952 1558 salubri
974 1491 1096 1557 ellectu
1115 1491 1300 1584 indulgeat,
1322 1495 1400 1584 quia
1422 1521 1428 1560 :
1449 1503 1510 1561 nisi
1523 1521 1544 1558 a

396 1605 464 1686 ipse
475 1597 700 1683 aedificaverit
717 1597 867 1673 domum,
890 1600 922 1657 in
940 1619 1060 1660 vanum
1078 1593 1233 1658 laborant
1247 1600 1305 1684 qui
1330 1596 1509 1682 aedificant

396 1723 468 1762 eam
481 1700 503 1764 ³.
529 1702 617 1764 llaec
649 1721 727 1763 vero
755 1695 929 1785 captivitas
948 1695 1043 1760 annis
1068 1696 1278 1787 septuaginta
1304 1721 1362 1762 sex
1386 1699 1509 1781 [lu]isse

397 1801 532 1868 dicitur.

440 1987 525 2052 XVI.
546 1981 681 2048 Reversi
702 1993 811 2047 autem
829 2006 889 2070 per
909 1980 1109 2063 Zorobabel,
1134 1979 1220 2046 sicut
1239 1980 1402 2062 diximus,
1423 2008 1509 2048 nunc

397 2099 512 2152 contra
527 2089 632 2151 Deum
652 2099 906 2164 murmorantes,
927 2108 1015 2149 nuuc
1035 2096 1112 2173 post
1135 2084 1225 2149 idola
1246 2097 1442 2152 corruentes
1461 2089 1510 2154 vel
1524 2111 1544 2150 n

397 2187 673 2267 abominationes,
696 2212 779 2277 quae
794 2200 912 2278 gentes
931 2199 1109 2253 exerceunt
1121 2239 1129 2266 ,
1143 2185 1331 2268 imitantes,
1353 2190 1433 2255 dum
1451 2190 1510 2256 Dei

396 2291 541 2379 profetas
551 2302 779 2371 contemnunt,
792 2289 950 2380 gentibus
962 2289 1150 2369 traduntur,
1167 2289 1398 2381 subiugantur,
1413 2292 1511 2358 inter·
1589 2345 1590 2388 ,

397 2394 537 2471 cedunt3
559 2393 667 2458 donec
684 2391 756 2482 ipse
772 2392 934 2457 Dominus
953 2391 1216 2480 patriarcharum
1240 2393 1511 2484 profetarumque

396 2496 533 2561 vocibus
564 2495 785 2584 repromissus
798 2505 810 2576 ,³
833 2494 973 2585 virginis
1001 2493 1125 2560 Mariae
1144 2507 1240 2560 utero
1263 2520 1324 2583 per
1349 2496 1510 2586 Spiritum

397 2611 547 2663 sanctum
566 2596 732 2686 inlapsus,
748 2598 789 2662 ad
805 2595 1071 2685 redemptionem
1091 2599 1183 2661 nasci
1203 2608 1268 2661 tam
1292 2597 1382 2662 illius
1400 2601 1546 2690 gentisne

397 2724 494 2790 quam
513 2699 659 2764 omnium
674 2699 824 2788 gentium
845 2698 1050 2789 dignaretur.

440 2804 467 2867 A
481 2801 774 2892 transmigratione
794 2826 874 2892 ergo
894 2825 998 2890 usquc
1010 2800 1214 2866 nativitatem
1229 2801 1355 2888 Christi
1373 2828 1511 2894 genera-

396 2905 504 2970 tiones
513 2901 791 2994 quattuordecim,
802 2903 836 2968 id
847 2916 898 2968 est
907 2903 1093 2983 lechonias,
1104 2903 1301 2984 Salathihel,
1313 2904 1510 2987 Zorobabel,

395 2995 519 3087 abiud,
533 3005 730 3086 Heliachim,
745 3007 842 3087 Azor,
859 3007 980 3086 Sadoc,
998 3007 1156 3086 loachim,
1173 3006 1321 3087 Heliuth‚
1340 3009 1510 3090 lleleazar,

397 3109 548 3191 Mathan,
569 3110 683 3190 Iacob,
705 3111 843 3198 loseph,
863 3107 912 3173 vir
930 3107 1052 3194 Marie,
1075 3109 1116 3174 de
1139 3134 1203 3199 qua
1222 3109 1377 3176 dominns
1400 3126 1547 3178 nostcrat
1587 3153 1588 3174 i

397 3215 489 3277 Iesus
527 3211 680 3276 Christus
720 3211 884 3290 nascitur3
928 3209 984 3300 qui
1024 3213 1144 3301 loseph
1184 3226 1320 3302 quartus
1364 3214 1513 3280 decimus

399 3325 609 3402 conputatur.

441 3496 541 3562 XVll.
576 3497 665 3585 Ergo
691 3517 732 3559 ne
754 3493 924 3560 videamur
949 3493 1047 3560 unius
1076 3505 1203 3559 tantum
1229 3497 1378 3562 Hebreae
1402 3498 1514 3588 gentis

397 3597 520 3661 habere
540 3596 711 3676 noticiam,
732 3595 858 3686 reliqua
877 3620 996 3687 regna,
1015 3621 1099 3686 quae
1117 3597 1168 3661 vel
1187 3599 1301 3687 quales
1322 3600 1513 3665 Israhelita-
1586 3593 1587 3660 i

277 3723 331 3772 Col.
348 3723 384 3773 17.
397 3723 469 3764 rum
505 3699 628 3764 luerint
663 3711 837 3788 tempore,
875 3699 1118 3790 memollramus.
1155 3703 1318 3789 Tempore
1364 3703 1550 3769 Habraacn

396 3801 502 3868 Ninus
534 3803 695 3892 regnabat
728 3826 828 3890 super
857 3802 1027 3890 Assyri0s3
1064 3801 1209 3867 Sicionis
1245 3807 1393 3893 Eorops';
1425 3807 1513 3894 apud

395 3903 578 3995 'Aegyptios
596 3916 704 3968 nutem
718 3916 808 3969 sexta
823 3902 951 3968 decima
962 3916 1033 3968 erat
1043 3917 1203 3992 potestas,
1217 3929 1314 3994 quam
1329 3929 1384 3970 sua
1400 3905 1513 3997 lingua
1585 3963 1586 3968 ,

396 4005 539 4072 dinastia
563 4007 737 4071 vocabant.
764 4007 927 4094 Tempore
946 4005 1052 4094 Moysi
1076 4006 1164 4094 apud
1186 4005 1326 4096 Argivos
1352 4010 1515 4098 regnabat

396 4203 805 4218 m-

427 4332 448 4382 l.
468 4331 536 4382 loan.
552 4334 578 4392 8,
594 4333 630 4378 36.
647 4355 675 4368 -·
688 4333 709 4378 ἱ).
726 4333 796 4378 (err.
811 4329 938 4380 visibelis.
953 4355 980 4364 -
994 4332 1016 4376 3.
1033 4331 1075 4376 Ps.
1090 4330 1146 4390 126,
1163 4329 1184 4378 l.
