<?xml version="1.0" encoding="UTF-8"?>
<!DOCTYPE html PUBLIC "-//W3C//DTD XHTML 1.0 Transitional//EN"
    "http://www.w3.org/TR/xhtml1/DTD/xhtml1-transitional.dtd">
<html xmlns="http://www.w3.org/1999/xhtml" xml:lang="en" lang="en">
 <head>
  <title>
</title>
<meta http-equiv="Content-Type" content="text/html;charset=utf-8" />
  <meta name='ocr-system' content='tesseract 3.04.00' />
  <meta name='ocr-capabilities' content='ocr_page ocr_carea ocr_par ocr_line ocrx_word'/>
</head>
<body>
  <div class='ocr_page' id='page_1' title='image "./grgoiredetoursh00greggoog_0100.png"; bbox 0 0 3220 5158; ppageno 0'>
   <div class='ocr_carea' id='block_1_1' title="bbox 361 408 1197 462">
    <p class='ocr_par' dir='ltr' id='par_1_1' title="bbox 361 408 1197 462">
     <span class='ocr_line' id='line_1_1' title="bbox 361 408 1197 462; baseline -0.001 -4"><span class='ocrx_word' id='word_1_1' title='bbox 361 412 392 459; x_wconf 72' lang='grc'><em>46</em></span> <span class='ocrx_word' id='word_1_2' title='bbox 645 411 802 462; x_wconf 72' lang='lat' dir='ltr'><em>causanti</em></span> <span class='ocrx_word' id='word_1_3' title='bbox 820 410 1028 461; x_wconf 80' lang='lat' dir='ltr'><em>tuuoauusts</em></span> <span class='ocrx_word' id='word_1_4' title='bbox 1047 408 1197 459; x_wconf 79' lang='lat' dir='ltr'><em>anlscort</em></span> 
     </span>
    </p>
   </div>
   <div class='ocr_carea' id='block_1_2' title="bbox 244 528 1522 4102">
    <p class='ocr_par' dir='ltr' id='par_1_2' title="bbox 360 528 1520 1948">
     <span class='ocr_line' id='line_1_2' title="bbox 362 528 1479 618; baseline 0.001 -27"><span class='ocrx_word' id='word_1_5' title='bbox 362 553 383 591; x_wconf 92' lang='lat' dir='ltr'><em>a</em></span> <span class='ocrx_word' id='word_1_6' title='bbox 406 534 554 617; x_wconf 73' lang='lat' dir='ltr'><em>principe</em></span> <span class='ocrx_word' id='word_1_7' title='bbox 578 529 704 596; x_wconf 77' lang='lat' dir='ltr'><em>obviarn</em></span> <span class='ocrx_word' id='word_1_8' title='bbox 720 530 994 618; x_wconf 75' lang='lat' dir='ltr'><em>percussoribus,</em></span> <span class='ocrx_word' id='word_1_9' title='bbox 1025 552 1128 617; x_wconf 85' lang='lat' dir='ltr'><em>supra</em></span> <span class='ocrx_word' id='word_1_10' title='bbox 1155 528 1316 592; x_wconf 86' lang='lat' dir='ltr'><em>Mincium</em></span> <span class='ocrx_word' id='word_1_11' title='bbox 1342 529 1479 617; x_wconf 79' lang='lat' dir='ltr'><em>flrirnrnc</em></span> 
     </span>
     <span class='ocr_line' id='line_1_3' title="bbox 361 629 1478 721; baseline 0.001 -26"><span class='ocrx_word' id='word_1_12' title='bbox 361 637 466 721; x_wconf 87' lang='lat' dir='ltr'><em>capite</em></span> <span class='ocrx_word' id='word_1_13' title='bbox 481 645 653 696; x_wconf 87' lang='lat' dir='ltr'><em>truncatus</em></span> <span class='ocrx_word' id='word_1_14' title='bbox 674 646 731 696; x_wconf 88' lang='lat' dir='ltr'><em>est.</em></span> <span class='ocrx_word' id='word_1_15' title='bbox 753 635 795 698; x_wconf 89' lang='lat' dir='ltr'><em>Et</em></span> <span class='ocrx_word' id='word_1_16' title='bbox 809 643 886 720; x_wconf 90' lang='lat' dir='ltr'><em>post</em></span> <span class='ocrx_word' id='word_1_17' title='bbox 903 654 1008 720; x_wconf 88' lang='lat' dir='ltr'><em>pauca</em></span> <span class='ocrx_word' id='word_1_18' title='bbox 1025 629 1114 696; x_wconf 90' lang='lat' dir='ltr'><em>idem</em></span> <span class='ocrx_word' id='word_1_19' title='bbox 1134 630 1235 695; x_wconf 84' lang='lat' dir='ltr'><strong>refert</strong></span> <span class='ocrx_word' id='word_1_20' title='bbox 1262 654 1269 695; x_wconf 93' lang='lat'>:</span> <span class='ocrx_word' id='word_1_21' title='bbox 1287 630 1392 695; x_wconf 84' lang='lat' dir='ltr'><em>Isdem</em></span> <span class='ocrx_word' id='word_1_22' title='bbox 1410 630 1478 696; x_wconf 87' lang='lat' dir='ltr'><em>die·</em></span> 
     </span>
     <span class='ocr_line' id='line_1_4' title="bbox 362 729 1474 823; baseline 0.001 -26"><span class='ocrx_word' id='word_1_23' title='bbox 362 734 421 797; x_wconf 84' lang='lat' dir='ltr'><em>bus</em></span> <span class='ocrx_word' id='word_1_24' title='bbox 431 735 624 823; x_wconf 75' lang='lat' dir='ltr'><em>praefectus</em></span> <span class='ocrx_word' id='word_1_25' title='bbox 648 747 866 819; x_wconf 80' lang='lat' dir='ltr'><em>tyrannorum</em></span> <span class='ocrx_word' id='word_1_26' title='bbox 888 734 1042 797; x_wconf 79' lang='lat' dir='ltr'><em>Decimus</em></span> <span class='ocrx_word' id='word_1_27' title='bbox 1061 734 1231 812; x_wconf 76' lang='lat' dir='ltr'><em>Rusticus,</em></span> <span class='ocrx_word' id='word_1_28' title='bbox 1251 729 1474 821; x_wconf 82' lang='lat' dir='ltr'><em>Agroaetius¹</em></span> 
     </span>
     <span class='ocr_line' id='line_1_5' title="bbox 362 835 1481 926; baseline 0.002 -28"><span class='ocrx_word' id='word_1_29' title='bbox 362 859 402 898; x_wconf 78' lang='lat' dir='ltr'><em>en</em></span> <span class='ocrx_word' id='word_1_30' title='bbox 421 840 664 924; x_wconf 71' lang='lat' dir='ltr'><em>primitivorum</em></span> <span class='ocrx_word' id='word_1_31' title='bbox 687 840 892 899; x_wconf 87' lang='lat' dir='ltr'><em>notariorum</em></span> <span class='ocrx_word' id='word_1_32' title='bbox 914 835 1021 901; x_wconf 87' lang='lat' dir='ltr'><em>Icoini</em></span> <span class='ocrx_word' id='word_1_33' title='bbox 1047 835 1204 924; x_wconf 84' lang='lat' dir='ltr'><em>multique</em></span> <span class='ocrx_word' id='word_1_34' title='bbox 1236 836 1358 900; x_wconf 83' lang='lat' dir='ltr'><em>nobiles</em></span> <span class='ocrx_word' id='word_1_35' title='bbox 1389 837 1481 926; x_wconf 87' lang='lat' dir='ltr'><em>apud</em></span> 
     </span>
     <span class='ocr_line' id='line_1_6' title="bbox 360 937 1507 1029; baseline 0.003 -28"><span class='ocrx_word' id='word_1_36' title='bbox 360 937 533 1001; x_wconf 85' lang='lat' dir='ltr'><em>Arvernus</em></span> <span class='ocrx_word' id='word_1_37' title='bbox 550 943 639 1026; x_wconf 90' lang='lat' dir='ltr'><em>capti</em></span> <span class='ocrx_word' id='word_1_38' title='bbox 653 961 676 1000; x_wconf 90' lang='lat' dir='ltr'><em>a</em></span> <span class='ocrx_word' id='word_1_39' title='bbox 695 938 1084 1022; x_wconf 76' lang='lat' dir='ltr'><em>ducibusHonorian[1]s‚</em></span> <span class='ocrx_word' id='word_1_40' title='bbox 1103 938 1279 1002; x_wconf 87' lang='lat' dir='ltr'><em>crudeliter</em></span> <span class='ocrx_word' id='word_1_41' title='bbox 1296 943 1507 1029; x_wconf 76' lang='lat' dir='ltr'><em>interemptis</em></span> 
     </span>
     <span class='ocr_line' id='line_1_7' title="bbox 360 1040 1481 1131; baseline 0.002 -27"><span class='ocrx_word' id='word_1_42' title='bbox 360 1053 448 1104; x_wconf 85' lang='lat' dir='ltr'><em>sunt.</em></span> <span class='ocrx_word' id='word_1_43' title='bbox 475 1041 503 1104; x_wconf 85' lang='lat' dir='ltr'><em>T</em></span> <span class='ocrx_word' id='word_1_44' title='bbox 499 1064 686 1104; x_wconf 81' lang='lat' dir='ltr'><em>recerorum</em></span> <span class='ocrx_word' id='word_1_45' title='bbox 711 1045 825 1106; x_wconf 77' lang='lat' dir='ltr'><em>civitas</em></span> <span class='ocrx_word' id='word_1_46' title='bbox 848 1063 870 1103; x_wconf 91' lang='lat' dir='ltr'><em>a</em></span> <span class='ocrx_word' id='word_1_47' title='bbox 891 1041 1031 1104; x_wconf 85' lang='lat' dir='ltr'><em>Francis</em></span> <span class='ocrx_word' id='word_1_48' title='bbox 1052 1040 1181 1128; x_wconf 84' lang='lat' dir='ltr'><em>direpta</em></span> <span class='ocrx_word' id='word_1_49' title='bbox 1207 1045 1404 1131; x_wconf 86' lang='lat' dir='ltr'><em>incensaque</em></span> <span class='ocrx_word' id='word_1_50' title='bbox 1434 1057 1481 1108; x_wconf 86' lang='lat' dir='ltr'><em>est</em></span> 
     </span>
     <span class='ocr_line' id='line_1_8' title="bbox 360 1140 1479 1236; baseline 0.001 -29"><span class='ocrx_word' id='word_1_51' title='bbox 360 1144 505 1208; x_wconf 89' lang='lat' dir='ltr'><em>secunda</em></span> <span class='ocrx_word' id='word_1_52' title='bbox 521 1146 716 1236; x_wconf 81' lang='lat' dir='ltr'><em>inruptione.</em></span> <span class='ocrx_word' id='word_1_53' title='bbox 741 1144 823 1208; x_wconf 93' lang='lat' dir='ltr'><em>Cum</em></span> <span class='ocrx_word' id='word_1_54' title='bbox 841 1154 950 1207; x_wconf 84' lang='lat' dir='ltr'><em>autem</em></span> <span class='ocrx_word' id='word_1_55' title='bbox 970 1140 1121 1206; x_wconf 81' lang='lat' dir='ltr'><em>Asterius</em></span> <span class='ocrx_word' id='word_1_56' title='bbox 1142 1141 1307 1208; x_wconf 78' lang='lat' dir='ltr'><em>codicillis</em></span> <span class='ocrx_word' id='word_1_57' title='bbox 1323 1143 1479 1232; x_wconf 90' lang='lat' dir='ltr'><em>imperia-</em></span> 
     </span>
     <span class='ocr_line' id='line_1_9' title="bbox 360 1243 1478 1338; baseline -0.002 -29"><span class='ocrx_word' id='word_1_58' title='bbox 360 1244 449 1310; x_wconf 90' lang='lat' dir='ltr'><em>libus</em></span> <span class='ocrx_word' id='word_1_59' title='bbox 473 1243 684 1333; x_wconf 86' lang='lat' dir='ltr'><em>patriciatum</em></span> <span class='ocrx_word' id='word_1_60' title='bbox 716 1245 853 1310; x_wconf 83' lang='lat' dir='ltr'><em>sortitus</em></span> <span class='ocrx_word' id='word_1_61' title='bbox 877 1243 1010 1326; x_wconf 89' lang='lat' dir='ltr'><em>suisset,</em></span> <span class='ocrx_word' id='word_1_62' title='bbox 1038 1244 1121 1338; x_wconf 89' lang='lat' dir='ltr'><em>haec</em></span> <span class='ocrx_word' id='word_1_63' title='bbox 1146 1243 1299 1334; x_wconf 87' lang='lat' dir='ltr'><em>adiungit</em></span> <span class='ocrx_word' id='word_1_64' title='bbox 1325 1271 1332 1308; x_wconf 80' lang='grc' dir='ltr'><strong><em>ε</em></strong></span> <span class='ocrx_word' id='word_1_65' title='bbox 1356 1246 1478 1310; x_wconf 86' lang='lat' dir='ltr'><em>Eodem</em></span> 
     </span>
     <span class='ocr_line' id='line_1_10' title="bbox 361 1347 1479 1436; baseline 0 -24"><span class='ocrx_word' id='word_1_66' title='bbox 361 1362 503 1436; x_wconf 87' lang='lat' dir='ltr'><em>tempore</em></span> <span class='ocrx_word' id='word_1_67' title='bbox 543 1347 696 1414; x_wconf 90' lang='lat' dir='ltr'><em>Costinus</em></span> <span class='ocrx_word' id='word_1_68' title='bbox 735 1348 984 1412; x_wconf 83' lang='lat' dir='ltr'><em>domesticorum</em></span> <span class='ocrx_word' id='word_1_69' title='bbox 1021 1353 1140 1428; x_wconf 77' lang='lat' dir='ltr'><em>comis,</em></span> <span class='ocrx_word' id='word_1_70' title='bbox 1180 1353 1406 1436; x_wconf 80' lang='lat' dir='ltr'><em>expetitionem</em></span> <span class='ocrx_word' id='word_1_71' title='bbox 1447 1356 1479 1414; x_wconf 92' lang='lat' dir='ltr'><em>in</em></span> 
     </span>
     <span class='ocr_line' id='line_1_11' title="bbox 360 1449 1520 1538; baseline 0 -22"><span class='ocrx_word' id='word_1_72' title='bbox 360 1453 508 1530; x_wconf 83' lang='lat' dir='ltr'><em>Francos</em></span> <span class='ocrx_word' id='word_1_73' title='bbox 522 1464 692 1538; x_wconf 87' lang='lat' dir='ltr'><em>suscepta,</em></span> <span class='ocrx_word' id='word_1_74' title='bbox 713 1451 758 1513; x_wconf 86' lang='lat' dir='ltr'><em>ad</em></span> <span class='ocrx_word' id='word_1_75' title='bbox 773 1450 903 1514; x_wconf 84' lang='lat' dir='ltr'><em>Gallias</em></span> <span class='ocrx_word' id='word_1_76' title='bbox 920 1454 1070 1514; x_wconf 87' lang='lat' dir='ltr'><em>mittitur.</em></span> <span class='ocrx_word' id='word_1_77' title='bbox 1095 1452 1183 1514; x_wconf 89' lang='lat' dir='ltr'><em>Haec</em></span> <span class='ocrx_word' id='word_1_78' title='bbox 1199 1449 1254 1514; x_wconf 81' lang='lat' dir='ltr'><em>hic</em></span> <span class='ocrx_word' id='word_1_79' title='bbox 1273 1450 1316 1516; x_wconf 87' lang='lat' dir='ltr'><em>de</em></span> <span class='ocrx_word' id='word_1_80' title='bbox 1341 1450 1478 1516; x_wconf 89' lang='lat' dir='ltr'><em>Francis</em></span> <span class='ocrx_word' id='word_1_81' title='bbox 1495 1477 1520 1516; x_wconf 84' lang='lat' dir='ltr'><em>n</em></span> 
     </span>
     <span class='ocr_line' id='line_1_12' title="bbox 361 1551 1479 1642; baseline 0 -24"><span class='ocrx_word' id='word_1_82' title='bbox 361 1552 486 1618; x_wconf 84' lang='lat' dir='ltr'><em>dixere.</em></span> <span class='ocrx_word' id='word_1_83' title='bbox 512 1551 671 1618; x_wconf 91' lang='lat' dir='ltr'><em>Horosius</em></span> <span class='ocrx_word' id='word_1_84' title='bbox 699 1564 807 1619; x_wconf 88' lang='lat' dir='ltr'><em>autem</em></span> <span class='ocrx_word' id='word_1_85' title='bbox 837 1565 870 1616; x_wconf 88' lang='lat' dir='ltr'><em>et</em></span> <span class='ocrx_word' id='word_1_86' title='bbox 895 1551 959 1639; x_wconf 93' lang='lat' dir='ltr'><em>ipsi</em></span> <span class='ocrx_word' id='word_1_87' title='bbox 986 1551 1254 1642; x_wconf 83' lang='lat' dir='ltr'><em>historiograffus</em></span> <span class='ocrx_word' id='word_1_88' title='bbox 1281 1551 1314 1616; x_wconf 93' lang='lat' dir='ltr'><em>in</em></span> <span class='ocrx_word' id='word_1_89' title='bbox 1338 1553 1479 1642; x_wconf 88' lang='lat' dir='ltr'><em>septimo</em></span> 
     </span>
     <span class='ocr_line' id='line_1_13' title="bbox 362 1653 1477 1743; baseline 0 -23"><span class='ocrx_word' id='word_1_90' title='bbox 362 1654 473 1743; x_wconf 86' lang='lat' dir='ltr'><em>operis</em></span> <span class='ocrx_word' id='word_1_91' title='bbox 492 1653 542 1720; x_wconf 89' lang='lat' dir='ltr'><em>sui</em></span> <span class='ocrx_word' id='word_1_92' title='bbox 558 1653 645 1719; x_wconf 83' lang='lat' dir='ltr'><em>libro</em></span> <span class='ocrx_word' id='word_1_93' title='bbox 663 1667 900 1720; x_wconf 85' lang='lat' dir='ltr'><em>commemorat</em></span> <span class='ocrx_word' id='word_1_94' title='bbox 920 1681 927 1718; x_wconf 93' lang='lat'><strong>:</strong></span> <span class='ocrx_word' id='word_1_95' title='bbox 947 1655 1078 1733; x_wconf 89' lang='lat' dir='ltr'><em>Stilico‚</em></span> <span class='ocrx_word' id='word_1_96' title='bbox 1096 1659 1302 1743; x_wconf 82' lang='lat' dir='ltr'><em>congregatis</em></span> <span class='ocrx_word' id='word_1_97' title='bbox 1313 1657 1477 1743; x_wconf 83' lang='lat' dir='ltr'><em>gentibus,</em></span> 
     </span>
     <span class='ocr_line' id='line_1_14' title="bbox 364 1756 1482 1847; baseline 0.001 -25"><span class='ocrx_word' id='word_1_98' title='bbox 364 1758 509 1822; x_wconf 84' lang='lat' dir='ltr'><em>Francos</em></span> <span class='ocrx_word' id='word_1_99' title='bbox 518 1770 680 1846; x_wconf 85' lang='lat' dir='ltr'><em>proteret,</em></span> <span class='ocrx_word' id='word_1_100' title='bbox 696 1756 845 1821; x_wconf 75' lang='lat' dir='ltr'><em>Rhenum</em></span> <span class='ocrx_word' id='word_1_101' title='bbox 863 1762 994 1836; x_wconf 85' lang='lat' dir='ltr'><em>transit,</em></span> <span class='ocrx_word' id='word_1_102' title='bbox 1014 1756 1143 1821; x_wconf 86' lang='lat' dir='ltr'><em>Gallias</em></span> <span class='ocrx_word' id='word_1_103' title='bbox 1161 1771 1371 1847; x_wconf 78' lang='lat' dir='ltr'><em>perrogatur</em></span> <span class='ocrx_word' id='word_1_104' title='bbox 1385 1773 1415 1822; x_wconf 85' lang='lat' dir='ltr'><em>et</em></span> <span class='ocrx_word' id='word_1_105' title='bbox 1435 1759 1482 1823; x_wconf 91' lang='lat' dir='ltr'><em>ad</em></span> 
     </span>
     <span class='ocr_line' id='line_1_15' title="bbox 362 1859 1204 1948; baseline -0.001 -25"><span class='ocrx_word' id='word_1_106' title='bbox 362 1861 525 1946; x_wconf 79' lang='lat' dir='ltr'><em>Pyrineus</em></span> <span class='ocrx_word' id='word_1_107' title='bbox 541 1883 642 1947; x_wconf 87' lang='lat' dir='ltr'><em>usque</em></span> <span class='ocrx_word' id='word_1_108' title='bbox 658 1859 856 1948; x_wconf 88' lang='lat' dir='ltr'><em>perlabitur.</em></span> <span class='ocrx_word' id='word_1_109' title='bbox 1201 1871 1204 1878; x_wconf 88' lang='lat'>&#39;</span> 
     </span>
    </p>

    <p class='ocr_par' dir='ltr' id='par_1_3' title="bbox 363 1959 1518 2261">
     <span class='ocr_line' id='line_1_16' title="bbox 407 1959 1518 2043; baseline 0.004 -18"><span class='ocrx_word' id='word_1_110' title='bbox 407 1965 498 2026; x_wconf 88' lang='lat' dir='ltr'><em>Hanc</em></span> <span class='ocrx_word' id='word_1_111' title='bbox 514 1960 611 2026; x_wconf 89' lang='lat' dir='ltr'><em>nobis</em></span> <span class='ocrx_word' id='word_1_112' title='bbox 629 1960 787 2026; x_wconf 84' lang='lat' dir='ltr'><em>noticiam</em></span> <span class='ocrx_word' id='word_1_113' title='bbox 802 1961 843 2026; x_wconf 92' lang='lat' dir='ltr'><em>de</em></span> <span class='ocrx_word' id='word_1_114' title='bbox 855 1959 992 2026; x_wconf 89' lang='lat' dir='ltr'><em>Francis</em></span> <span class='ocrx_word' id='word_1_115' title='bbox 1006 1967 1217 2043; x_wconf 82' lang='lat' dir='ltr'><em>memora[n]t</em></span> <span class='ocrx_word' id='word_1_116' title='bbox 1234 1961 1387 2028; x_wconf 86' lang='lat' dir='ltr'><em>historici</em></span> <span class='ocrx_word' id='word_1_117' title='bbox 1404 1963 1478 2028; x_wconf 91' lang='lat' dir='ltr'><em>reli·</em></span> <span class='ocrx_word' id='word_1_118' title='bbox 1493 1990 1518 2029; x_wconf 79' lang='lat' dir='ltr'><em>n</em></span> 
     </span>
     <span class='ocr_line' id='line_1_17' title="bbox 364 2062 1478 2153; baseline 0.004 -25"><span class='ocrx_word' id='word_1_119' title='bbox 364 2064 502 2153; x_wconf 50' lang='lat' dir='ltr'><em>quereb</em></span> <span class='ocrx_word' id='word_1_120' title='bbox 523 2062 658 2152; x_wconf 88' lang='lat' dir='ltr'><em>regibus</em></span> <span class='ocrx_word' id='word_1_121' title='bbox 677 2088 744 2128; x_wconf 88' lang='lat' dir='ltr'><em>non</em></span> <span class='ocrx_word' id='word_1_122' title='bbox 771 2062 962 2128; x_wconf 89' lang='lat' dir='ltr'><em>nominatis.</em></span> <span class='ocrx_word' id='word_1_123' title='bbox 990 2064 1139 2129; x_wconf 82' lang='lat' dir='ltr'><em>Tradunt</em></span> <span class='ocrx_word' id='word_1_124' title='bbox 1161 2063 1249 2128; x_wconf 85' lang='lat' dir='ltr'><em>enim</em></span> <span class='ocrx_word' id='word_1_125' title='bbox 1270 2063 1380 2148; x_wconf 89' lang='lat' dir='ltr'><em>multi,</em></span> <span class='ocrx_word' id='word_1_126' title='bbox 1405 2091 1478 2132; x_wconf 89' lang='lat' dir='ltr'><em>eos-</em></span> 
     </span>
     <span class='ocr_line' id='line_1_18' title="bbox 363 2164 1465 2261; baseline 0.005 -30"><span class='ocrx_word' id='word_1_127' title='bbox 363 2167 439 2231; x_wconf 89' lang='lat' dir='ltr'><em>dem</em></span> <span class='ocrx_word' id='word_1_128' title='bbox 463 2165 505 2229; x_wconf 91' lang='lat' dir='ltr'><em>de</em></span> <span class='ocrx_word' id='word_1_129' title='bbox 528 2165 702 2230; x_wconf 89' lang='lat' dir='ltr'><em>Pannonia</em></span> <span class='ocrx_word' id='word_1_130' title='bbox 728 2165 828 2230; x_wconf 84' lang='lat' dir='ltr'><em>luisse</em></span> <span class='ocrx_word' id='word_1_131' title='bbox 852 2164 1047 2255; x_wconf 84' lang='lat' dir='ltr'><em>degressos,</em></span> <span class='ocrx_word' id='word_1_132' title='bbox 1074 2177 1108 2229; x_wconf 91' lang='lat' dir='ltr'><em>et</em></span> <span class='ocrx_word' id='word_1_133' title='bbox 1133 2165 1277 2255; x_wconf 89' lang='lat' dir='ltr'><em>primum</em></span> <span class='ocrx_word' id='word_1_134' title='bbox 1299 2167 1434 2254; x_wconf 90' lang='lat' dir='ltr'><em>quidem</em></span> <span class='ocrx_word' id='word_1_135' title='bbox 1452 2170 1465 2261; x_wconf 71' lang='lat' dir='ltr'><em>ll</em></span> 
     </span>
    </p>

    <p class='ocr_par' dir='ltr' id='par_1_4' title="bbox 244 2265 1520 3076">
     <span class='ocr_line' id='line_1_19' title="bbox 244 2265 1476 2354; baseline -0.002 -16"><span class='ocrx_word' id='word_1_136' title='bbox 244 2289 299 2338; x_wconf 83' lang='lat' dir='ltr'><em>Fol.</em></span> <span class='ocrx_word' id='word_1_137' title='bbox 313 2289 350 2336; x_wconf 80' lang='lat'><em>21.</em></span> <span class='ocrx_word' id='word_1_138' title='bbox 362 2267 460 2332; x_wconf 89' lang='lat' dir='ltr'><em>litora</em></span> <span class='ocrx_word' id='word_1_139' title='bbox 481 2265 590 2334; x_wconf 86' lang='lat' dir='ltr'><em>Rheni</em></span> <span class='ocrx_word' id='word_1_140' title='bbox 613 2291 728 2332; x_wconf 89' lang='lat' dir='ltr'><em>omnes</em></span> <span class='ocrx_word' id='word_1_141' title='bbox 755 2266 953 2346; x_wconf 89' lang='lat' dir='ltr'><em>incoluisse,</em></span> <span class='ocrx_word' id='word_1_142' title='bbox 980 2265 1121 2347; x_wconf 89' lang='lat' dir='ltr'><em>dehinc,</em></span> <span class='ocrx_word' id='word_1_143' title='bbox 1148 2280 1318 2332; x_wconf 87' lang='lat' dir='ltr'><em>transacto</em></span> <span class='ocrx_word' id='word_1_144' title='bbox 1342 2271 1476 2354; x_wconf 87' lang='lat' dir='ltr'><em>Rheno,</em></span> 
     </span>
     <span class='ocr_line' id='line_1_20' title="bbox 362 2368 1479 2461; baseline 0.004 -26"><span class='ocrx_word' id='word_1_145' title='bbox 362 2368 579 2459; x_wconf 85' lang='lat' dir='ltr'><em>Thoringiam</em></span> <span class='ocrx_word' id='word_1_146' title='bbox 605 2383 844 2449; x_wconf 80' lang='lat' dir='ltr'><em>transmeasse,</em></span> <span class='ocrx_word' id='word_1_147' title='bbox 870 2369 984 2458; x_wconf 90' lang='lat' dir='ltr'><em>ibique</em></span> <span class='ocrx_word' id='word_1_148' title='bbox 1008 2369 1099 2434; x_wconf 88' lang='lat' dir='ltr'><em>iuxta</em></span> <span class='ocrx_word' id='word_1_149' title='bbox 1123 2393 1227 2461; x_wconf 83' lang='lat' dir='ltr'><em>pagos</em></span> <span class='ocrx_word' id='word_1_150' title='bbox 1256 2371 1308 2436; x_wconf 88' lang='lat' dir='ltr'><em>vel</em></span> <span class='ocrx_word' id='word_1_151' title='bbox 1330 2371 1479 2440; x_wconf 88' lang='lat' dir='ltr'><em>civitates</em></span> 
     </span>
     <span class='ocr_line' id='line_1_21' title="bbox 363 2471 1519 2561; baseline 0.007 -26"><span class='ocrx_word' id='word_1_152' title='bbox 363 2495 458 2561; x_wconf 89' lang='lat' dir='ltr'><em>reges</em></span> <span class='ocrx_word' id='word_1_153' title='bbox 477 2471 616 2536; x_wconf 90' lang='lat' dir='ltr'><em>crinitos</em></span> <span class='ocrx_word' id='word_1_154' title='bbox 632 2496 782 2561; x_wconf 89' lang='lat' dir='ltr'><em>superse</em></span> <span class='ocrx_word' id='word_1_155' title='bbox 798 2471 961 2538; x_wconf 86' lang='lat' dir='ltr'><em>creavisse</em></span> <span class='ocrx_word' id='word_1_156' title='bbox 977 2471 1018 2536; x_wconf 93' lang='lat' dir='ltr'><em>de</em></span> <span class='ocrx_word' id='word_1_157' title='bbox 1039 2473 1146 2560; x_wconf 89' lang='lat' dir='ltr'><em>prima</em></span> <span class='ocrx_word' id='word_1_158' title='bbox 1165 2484 1214 2550; x_wconf 83' lang='lat' dir='ltr'><em>et,</em></span> <span class='ocrx_word' id='word_1_159' title='bbox 1235 2485 1270 2536; x_wconf 86' lang='lat' dir='ltr'><em>ut</em></span> <span class='ocrx_word' id='word_1_160' title='bbox 1287 2473 1333 2538; x_wconf 89' lang='lat' dir='ltr'><em>ita</em></span> <span class='ocrx_word' id='word_1_161' title='bbox 1351 2475 1476 2556; x_wconf 91' lang='lat' dir='ltr'><em>dicam,</em></span> <span class='ocrx_word' id='word_1_162' title='bbox 1492 2505 1519 2542; x_wconf 77' lang='lat' dir='ltr'><em>an</em></span> 
     </span>
     <span class='ocr_line' id='line_1_22' title="bbox 363 2572 1478 2663; baseline 0.006 -25"><span class='ocrx_word' id='word_1_163' title='bbox 363 2572 528 2638; x_wconf 90' lang='lat' dir='ltr'><em>nobiliore</em></span> <span class='ocrx_word' id='word_1_164' title='bbox 547 2599 681 2640; x_wconf 85' lang='lat' dir='ltr'><em>suorum</em></span> <span class='ocrx_word' id='word_1_165' title='bbox 708 2574 842 2639; x_wconf 87' lang='lat' dir='ltr'><em>lamilia.</em></span> <span class='ocrx_word' id='word_1_166' title='bbox 874 2575 972 2657; x_wconf 87' lang='lat' dir='ltr'><em>Quod</em></span> <span class='ocrx_word' id='word_1_167' title='bbox 995 2587 1113 2663; x_wconf 91' lang='lat' dir='ltr'><em>postea</em></span> <span class='ocrx_word' id='word_1_168' title='bbox 1132 2576 1310 2662; x_wconf 86' lang='lat' dir='ltr'><em>probatum</em></span> <span class='ocrx_word' id='word_1_169' title='bbox 1335 2579 1478 2646; x_wconf 89' lang='lat' dir='ltr'><em>Chlodo·</em></span> 
     </span>
     <span class='ocr_line' id='line_1_23' title="bbox 361 2674 1476 2770; baseline 0.007 -32"><span class='ocrx_word' id='word_1_170' title='bbox 361 2674 457 2740; x_wconf 88' lang='lat' dir='ltr'><em>vechi</em></span> <span class='ocrx_word' id='word_1_171' title='bbox 479 2675 637 2741; x_wconf 88' lang='lat' dir='ltr'><em>victoriae</em></span> <span class='ocrx_word' id='word_1_172' title='bbox 652 2675 881 2755; x_wconf 91' lang='lat' dir='ltr'><em>tradiderunt,</em></span> <span class='ocrx_word' id='word_1_173' title='bbox 906 2676 1017 2765; x_wconf 89' lang='lat' dir='ltr'><em>itaque</em></span> <span class='ocrx_word' id='word_1_174' title='bbox 1037 2677 1072 2740; x_wconf 89' lang='lat' dir='ltr'><em>iu</em></span> <span class='ocrx_word' id='word_1_175' title='bbox 1096 2689 1257 2765; x_wconf 89' lang='lat' dir='ltr'><em>sequente</em></span> <span class='ocrx_word' id='word_1_176' title='bbox 1282 2677 1476 2770; x_wconf 80' lang='lat' dir='ltr'><em>diregimus.</em></span> 
     </span>
     <span class='ocr_line' id='line_1_24' title="bbox 364 2777 1479 2870; baseline 0.004 -26"><span class='ocrx_word' id='word_1_177' title='bbox 364 2779 446 2844; x_wconf 90' lang='lat' dir='ltr'><em>Nam</em></span> <span class='ocrx_word' id='word_1_178' title='bbox 462 2777 544 2842; x_wconf 91' lang='lat' dir='ltr'><em>etin</em></span> <span class='ocrx_word' id='word_1_179' title='bbox 561 2777 799 2844; x_wconf 90' lang='lat' dir='ltr'><em>Consolaribus</em></span> <span class='ocrx_word' id='word_1_180' title='bbox 818 2777 961 2868; x_wconf 85' lang='lat' dir='ltr'><em>legimns</em></span> <span class='ocrx_word' id='word_1_181' title='bbox 976 2778 1241 2844; x_wconf 76' lang='lat' dir='ltr'><em>&#39;l‘heodomerem</em></span> <span class='ocrx_word' id='word_1_182' title='bbox 1251 2804 1363 2870; x_wconf 87' lang='lat' dir='ltr'><em>regem</em></span> <span class='ocrx_word' id='word_1_183' title='bbox 1379 2783 1479 2848; x_wconf 86' lang='lat' dir='ltr'><em>Fran·</em></span> 
     </span>
     <span class='ocr_line' id='line_1_25' title="bbox 365 2880 1480 2970; baseline 0.005 -24"><span class='ocrx_word' id='word_1_184' title='bbox 365 2903 497 2968; x_wconf 80' lang='lat' dir='ltr'><em>corum,</em></span> <span class='ocrx_word' id='word_1_185' title='bbox 517 2881 622 2946; x_wconf 88' lang='lat' dir='ltr'><em>filium</em></span> <span class='ocrx_word' id='word_1_186' title='bbox 638 2880 845 2947; x_wconf 86' lang='lat' dir='ltr'><em>Richemeris</em></span> <span class='ocrx_word' id='word_1_187' title='bbox 866 2880 1051 2970; x_wconf 89' lang='lat' dir='ltr'><em>quondam,</em></span> <span class='ocrx_word' id='word_1_188' title='bbox 1079 2893 1114 2946; x_wconf 90' lang='lat' dir='ltr'><em>et</em></span> <span class='ocrx_word' id='word_1_189' title='bbox 1141 2881 1311 2969; x_wconf 74' lang='lat' dir='ltr'><em>ilscylam,</em></span> <span class='ocrx_word' id='word_1_190' title='bbox 1343 2897 1480 2952; x_wconf 87' lang='lat' dir='ltr'><em>matrem</em></span> 
     </span>
     <span class='ocr_line' id='line_1_26' title="bbox 365 2983 1520 3076; baseline 0.006 -28"><span class='ocrx_word' id='word_1_191' title='bbox 365 2983 452 3064; x_wconf 91' lang='lat' dir='ltr'><em>eius,</em></span> <span class='ocrx_word' id='word_1_192' title='bbox 474 2984 586 3074; x_wconf 89' lang='lat' dir='ltr'><em>gladio</em></span> <span class='ocrx_word' id='word_1_193' title='bbox 615 2983 820 3050; x_wconf 85' lang='lat' dir='ltr'><em>interlectos.</em></span> <span class='ocrx_word' id='word_1_194' title='bbox 851 2987 977 3049; x_wconf 89' lang='lat' dir='ltr'><em>Ferunt</em></span> <span class='ocrx_word' id='word_1_195' title='bbox 1000 2983 1120 3062; x_wconf 86' lang='lat' dir='ltr'><em>etiam,</em></span> <span class='ocrx_word' id='word_1_196' title='bbox 1155 2997 1234 3049; x_wconf 87' lang='lat' dir='ltr'><em>tunc</em></span> <span class='ocrx_word' id='word_1_197' title='bbox 1260 2987 1520 3076; x_wconf 79' lang='lat' dir='ltr'><em>Chlogionemas</em></span> 
     </span>
    </p>

    <p class='ocr_par' dir='ltr' id='par_1_5' title="bbox 246 3085 1522 4102">
     <span class='ocr_line' id='line_1_27' title="bbox 246 3085 1481 3179; baseline 0.006 -30"><span class='ocrx_word' id='word_1_198' title='bbox 246 3101 300 3152; x_wconf 84' lang='lat' dir='ltr'><em>Col.</em></span> <span class='ocrx_word' id='word_1_199' title='bbox 315 3085 479 3151; x_wconf 72' lang='lat' dir='ltr'><em>(tantilem</em></span> <span class='ocrx_word' id='word_1_200' title='bbox 496 3111 533 3152; x_wconf 87' lang='lat' dir='ltr'><em>ac</em></span> <span class='ocrx_word' id='word_1_201' title='bbox 548 3086 793 3152; x_wconf 89' lang='lat' dir='ltr'><em>nobilissimum</em></span> <span class='ocrx_word' id='word_1_202' title='bbox 809 3086 959 3177; x_wconf 89' lang='lat' dir='ltr'><em>ingente</em></span> <span class='ocrx_word' id='word_1_203' title='bbox 976 3110 1033 3151; x_wconf 89' lang='lat' dir='ltr'><em>sua</em></span> <span class='ocrx_word' id='word_1_204' title='bbox 1050 3111 1162 3177; x_wconf 88' lang='lat' dir='ltr'><em>regem</em></span> <span class='ocrx_word' id='word_1_205' title='bbox 1186 3086 1289 3152; x_wconf 79' lang='lat' dir='ltr'><em>luisse</em></span> <span class='ocrx_word' id='word_1_206' title='bbox 1306 3087 1318 3179; x_wconf 74' lang='lat' dir='ltr'><em>ll</em></span> <span class='ocrx_word' id='word_1_207' title='bbox 1336 3093 1481 3158; x_wconf 87' lang='lat' dir='ltr'><em>Franco-</em></span> 
     </span>
     <span class='ocr_line' id='line_1_28' title="bbox 365 3189 1481 3280; baseline 0.006 -27"><span class='ocrx_word' id='word_1_208' title='bbox 365 3213 453 3270; x_wconf 90' lang='lat' dir='ltr'><em>rum,</em></span> <span class='ocrx_word' id='word_1_209' title='bbox 477 3189 534 3278; x_wconf 93' lang='lat' dir='ltr'><em>qui</em></span> <span class='ocrx_word' id='word_1_210' title='bbox 557 3189 644 3278; x_wconf 91' lang='lat' dir='ltr'><em>apud</em></span> <span class='ocrx_word' id='word_1_211' title='bbox 668 3189 868 3280; x_wconf 88' lang='lat' dir='ltr'><em>Dispargum</em></span> <span class='ocrx_word' id='word_1_212' title='bbox 887 3202 1030 3262; x_wconf 85' lang='lat' dir='ltr'><em>castrum</em></span> <span class='ocrx_word' id='word_1_213' title='bbox 1054 3189 1243 3269; x_wconf 87' lang='lat' dir='ltr'><em>habitabat,</em></span> <span class='ocrx_word' id='word_1_214' title='bbox 1266 3193 1355 3280; x_wconf 89' lang='lat' dir='ltr'><em>quod</em></span> <span class='ocrx_word' id='word_1_215' title='bbox 1377 3195 1481 3260; x_wconf 90' lang='lat' dir='ltr'><em>estin</em></span> 
     </span>
     <span class='ocr_line' id='line_1_29' title="bbox 363 3290 1481 3383; baseline 0.006 -28"><span class='ocrx_word' id='word_1_216' title='bbox 363 3290 506 3356; x_wconf 86' lang='lat' dir='ltr'><em>termino</em></span> <span class='ocrx_word' id='word_1_217' title='bbox 517 3292 774 3383; x_wconf 86' lang='lat' dir='ltr'><em>Thuringorum.</em></span> <span class='ocrx_word' id='word_1_218' title='bbox 790 3296 828 3358; x_wconf 88' lang='lat' dir='ltr'><em>In</em></span> <span class='ocrx_word' id='word_1_219' title='bbox 845 3291 898 3358; x_wconf 90' lang='lat' dir='ltr'><em>his</em></span> <span class='ocrx_word' id='word_1_220' title='bbox 916 3305 1024 3358; x_wconf 91' lang='lat' dir='ltr'><em>autem</em></span> <span class='ocrx_word' id='word_1_221' title='bbox 1039 3291 1203 3380; x_wconf 90' lang='lat' dir='ltr'><em>partibus,</em></span> <span class='ocrx_word' id='word_1_222' title='bbox 1222 3292 1318 3358; x_wconf 88' lang='lat' dir='ltr'><em>idest</em></span> <span class='ocrx_word' id='word_1_223' title='bbox 1332 3295 1373 3359; x_wconf 91' lang='lat' dir='ltr'><em>ad</em></span> <span class='ocrx_word' id='word_1_224' title='bbox 1386 3297 1481 3362; x_wconf 88' lang='lat' dir='ltr'><em>meri·</em></span> 
     </span>
     <span class='ocr_line' id='line_1_30' title="bbox 364 3392 1478 3485; baseline 0.009 -29"><span class='ocrx_word' id='word_1_225' title='bbox 364 3392 495 3457; x_wconf 89' lang='lat' dir='ltr'><em>dianam</em></span> <span class='ocrx_word' id='word_1_226' title='bbox 509 3393 653 3484; x_wconf 87' lang='lat' dir='ltr'><em>plagam,</em></span> <span class='ocrx_word' id='word_1_227' title='bbox 672 3393 867 3460; x_wconf 87' lang='lat' dir='ltr'><em>habitabant</em></span> <span class='ocrx_word' id='word_1_228' title='bbox 882 3393 1022 3462; x_wconf 88' lang='lat' dir='ltr'><em>Romani</em></span> <span class='ocrx_word' id='word_1_229' title='bbox 1041 3419 1146 3484; x_wconf 92' lang='lat' dir='ltr'><em>usque</em></span> <span class='ocrx_word' id='word_1_230' title='bbox 1163 3395 1315 3485; x_wconf 88' lang='lat' dir='ltr'><em>Ligerem</em></span> <span class='ocrx_word' id='word_1_231' title='bbox 1331 3397 1478 3466; x_wconf 88' lang='lat' dir='ltr'><em>fluvium.</em></span> 
     </span>
     <span class='ocr_line' id='line_1_31' title="bbox 362 3495 1522 3591; baseline 0.008 -31"><span class='ocrx_word' id='word_1_232' title='bbox 362 3495 455 3560; x_wconf 90' lang='lat' dir='ltr'><em>Ultra</em></span> <span class='ocrx_word' id='word_1_233' title='bbox 468 3496 620 3585; x_wconf 87' lang='lat' dir='ltr'><em>Ligerem</em></span> <span class='ocrx_word' id='word_1_234' title='bbox 635 3521 712 3562; x_wconf 90' lang='lat' dir='ltr'><em>vero</em></span> <span class='ocrx_word' id='word_1_235' title='bbox 729 3497 831 3564; x_wconf 86' lang='lat' dir='ltr'><em>Gothi</em></span> <span class='ocrx_word' id='word_1_236' title='bbox 843 3496 1111 3563; x_wconf 86' lang='lat' dir='ltr'><em>dominabantur.</em></span> <span class='ocrx_word' id='word_1_237' title='bbox 1128 3499 1386 3588; x_wconf 86' lang='lat' dir='ltr'><em>Burgundiones</em></span> <span class='ocrx_word' id='word_1_238' title='bbox 1402 3527 1480 3591; x_wconf 89' lang='lat' dir='ltr'><em>quo·</em></span> <span class='ocrx_word' id='word_1_239' title='bbox 1495 3531 1522 3568; x_wconf 84' lang='lat' dir='ltr'><em>sn</em></span> 
     </span>
     <span class='ocr_line' id='line_1_32' title="bbox 363 3597 1480 3689; baseline 0.008 -27"><span class='ocrx_word' id='word_1_240' title='bbox 363 3621 440 3686; x_wconf 90' lang='lat' dir='ltr'><em>qne,</em></span> <span class='ocrx_word' id='word_1_241' title='bbox 463 3597 680 3664; x_wconf 84' lang='lat' dir='ltr'><em>Arrianorum</em></span> <span class='ocrx_word' id='word_1_242' title='bbox 704 3613 794 3666; x_wconf 89' lang='lat' dir='ltr'><em>secta</em></span> <span class='ocrx_word' id='word_1_243' title='bbox 823 3612 1012 3689; x_wconf 87' lang='lat' dir='ltr'><em>sequentes,</em></span> <span class='ocrx_word' id='word_1_244' title='bbox 1043 3600 1240 3666; x_wconf 88' lang='lat' dir='ltr'><em>habitabant</em></span> <span class='ocrx_word' id='word_1_245' title='bbox 1265 3615 1356 3668; x_wconf 89' lang='lat' dir='ltr'><em>trans</em></span> <span class='ocrx_word' id='word_1_246' title='bbox 1376 3606 1480 3671; x_wconf 88' lang='lat' dir='ltr'><em>Roda·</em></span> 
     </span>
     <span class='ocr_line' id='line_1_33' title="bbox 363 3701 1481 3794; baseline 0.008 -30"><span class='ocrx_word' id='word_1_247' title='bbox 363 3723 454 3782; x_wconf 91' lang='lat' dir='ltr'><em>num,</em></span> <span class='ocrx_word' id='word_1_248' title='bbox 469 3701 557 3789; x_wconf 92' lang='lat' dir='ltr'><em>quod</em></span> <span class='ocrx_word' id='word_1_249' title='bbox 568 3701 831 3768; x_wconf 89' lang='lat' dir='ltr'><em>adiecitcivitate</em></span> <span class='ocrx_word' id='word_1_250' title='bbox 843 3702 1070 3793; x_wconf 89' lang='lat' dir='ltr'><em>Lugdunensi.</em></span> <span class='ocrx_word' id='word_1_251' title='bbox 1085 3703 1227 3794; x_wconf 87' lang='lat' dir='ltr'><em>Chlogio</em></span> <span class='ocrx_word' id='word_1_252' title='bbox 1239 3718 1359 3785; x_wconf 90' lang='lat' dir='ltr'><em>autem,</em></span> <span class='ocrx_word' id='word_1_253' title='bbox 1371 3707 1481 3774; x_wconf 89' lang='lat' dir='ltr'><em>missis</em></span> 
     </span>
     <span class='ocr_line' id='line_1_34' title="bbox 364 3802 1481 3898; baseline 0.009 -32"><span class='ocrx_word' id='word_1_254' title='bbox 364 3802 629 3890; x_wconf 81' lang='lat' dir='ltr'><em>exploratoribus</em></span> <span class='ocrx_word' id='word_1_255' title='bbox 641 3805 682 3870; x_wconf 89' lang='lat' dir='ltr'><em>ad</em></span> <span class='ocrx_word' id='word_1_256' title='bbox 696 3808 813 3872; x_wconf 88' lang='lat' dir='ltr'><em>urbem</em></span> <span class='ocrx_word' id='word_1_257' title='bbox 825 3808 1051 3886; x_wconf 88' lang='lat' dir='ltr'><em>Camaracum,</em></span> <span class='ocrx_word' id='word_1_258' title='bbox 1063 3807 1263 3894; x_wconf 88' lang='lat' dir='ltr'><em>perlustrata</em></span> <span class='ocrx_word' id='word_1_259' title='bbox 1275 3807 1398 3889; x_wconf 88' lang='lat' dir='ltr'><em>omnia,</em></span> <span class='ocrx_word' id='word_1_260' title='bbox 1410 3809 1481 3898; x_wconf 86' lang='lat' dir='ltr'><em>ipse</em></span> 
     </span>
     <span class='ocr_line' id='line_1_35' title="bbox 364 3909 1482 4002; baseline 0.008 -33"><span class='ocrx_word' id='word_1_261' title='bbox 364 3917 513 3988; x_wconf 90' lang='lat' dir='ltr'><em>secutus,</em></span> <span class='ocrx_word' id='word_1_262' title='bbox 532 3909 699 3973; x_wconf 84' lang='lat' dir='ltr'><em>Romanos</em></span> <span class='ocrx_word' id='word_1_263' title='bbox 716 3922 881 3998; x_wconf 88' lang='lat' dir='ltr'><em>proteret,</em></span> <span class='ocrx_word' id='word_1_264' title='bbox 898 3909 1064 3976; x_wconf 88' lang='lat' dir='ltr'><em>civitatem</em></span> <span class='ocrx_word' id='word_1_265' title='bbox 1085 3911 1345 3998; x_wconf 86' lang='lat' dir='ltr'><em>adpraehendit,</em></span> <span class='ocrx_word' id='word_1_266' title='bbox 1368 3911 1482 4002; x_wconf 89' lang='lat' dir='ltr'><em>inqua</em></span> 
     </span>
     <span class='ocr_line' id='line_1_36' title="bbox 363 4011 1522 4102; baseline 0.008 -30"><span class='ocrx_word' id='word_1_267' title='bbox 363 4031 504 4096; x_wconf 88' lang='lat' dir='ltr'><em>paucum</em></span> <span class='ocrx_word' id='word_1_268' title='bbox 515 4020 646 4098; x_wconf 89' lang='lat' dir='ltr'><em>tempus</em></span> <span class='ocrx_word' id='word_1_269' title='bbox 660 4011 831 4092; x_wconf 90' lang='lat' dir='ltr'><em>resedens,</em></span> <span class='ocrx_word' id='word_1_270' title='bbox 842 4037 946 4102; x_wconf 88' lang='lat' dir='ltr'><em>usque</em></span> <span class='ocrx_word' id='word_1_271' title='bbox 959 4015 1137 4078; x_wconf 87' lang='lat' dir='ltr'><em>Sumenam</em></span> <span class='ocrx_word' id='word_1_272' title='bbox 1148 4011 1281 4079; x_wconf 88' lang='lat' dir='ltr'><em>fluvium</em></span> <span class='ocrx_word' id='word_1_273' title='bbox 1293 4014 1478 4102; x_wconf 89' lang='lat' dir='ltr'><em>occupavit.</em></span> <span class='ocrx_word' id='word_1_274' title='bbox 1496 4063 1522 4101; x_wconf 78' lang='lat'><em>,5</em></span> 
     </span>
    </p>
   </div>
   <div class='ocr_carea' id='block_1_3' title="bbox 399 4285 957 4351">
    <p class='ocr_par' dir='ltr' id='par_1_6' title="bbox 399 4285 957 4351">
     <span class='ocr_line' id='line_1_37' title="bbox 399 4285 957 4351; baseline -0.005 -15"><span class='ocrx_word' id='word_1_275' title='bbox 399 4286 422 4336; x_wconf 85' lang='lat' dir='ltr'><em>l.</em></span> <span class='ocrx_word' id='word_1_276' title='bbox 442 4291 511 4337; x_wconf 85' lang='lat' dir='ltr'><em>Corr.</em></span> <span class='ocrx_word' id='word_1_277' title='bbox 526 4285 671 4351; x_wconf 73' lang='lat' dir='ltr'><em>Agroetius.</em></span> <span class='ocrx_word' id='word_1_278' title='bbox 682 4311 713 4322; x_wconf 92' lang='lat'>-</span> <span class='ocrx_word' id='word_1_279' title='bbox 729 4287 751 4334; x_wconf 68' lang='lat'><em>2.</em></span> <span class='ocrx_word' id='word_1_280' title='bbox 772 4289 842 4335; x_wconf 87' lang='lat' dir='ltr'><em>Corr.</em></span> <span class='ocrx_word' id='word_1_281' title='bbox 854 4285 957 4350; x_wconf 86' lang='lat' dir='ltr'><em>reliqui.</em></span> 
     </span>
    </p>
   </div>
   <div class='ocr_carea' id='block_1_4' title="bbox 0 0 1615 5158">
    <p class='ocr_par' dir='ltr' id='par_1_7' title="bbox 0 0 1615 5158">
     <span class='ocr_line' id='line_1_38' title="bbox 0 0 1615 5158; baseline 0 0"><span class='ocrx_word' id='word_1_282' title='bbox 0 0 1615 5158; x_wconf 95' lang='lat' dir='ltr'><em> </em></span> 
     </span>
    </p>
   </div>
  </div>
 </body>
</html>
