3226 5156
360 385 403 431 112
645 381 801 443 aaaaoan
819 377 1027 439 TURONENSIS
1044 374 1193 422 EPISCOPl

359 502 489 591 pedem,
512 523 617 589 paene
636 496 795 566 exanimis
813 495 989 586 percurrit.
1012 493 1079 558 Sed
1096 516 1157 556 nos
1177 493 1258 569 haec
1279 502 1471 570 narrantes,

361 603 496 678 Salustii
517 601 731 679 seutentiam,
750 623 848 688 quam
858 597 893 672 in
910 591 1474 683 detractoribushistoriograppho·

358 705 624 797 ,1·urn[protulit]‚
645 724 879 777 memoramus,
897 698 953 770 Ait
970 698 1058 764 enim
1079 724 1085 760 z
1107 695 1258 770 Arduum
1281 699 1406 768 videtur
1419 719 1475 768 res

356 825 468 902 gestas
482 811 653 877 scribere:
669 811 813 896 primum
828 805 916 895 quod
929 805 1023 895 facto
1034 803 1128 867 dietis
1145 800 1474 892 sterquiliniorum

325 971 329 978 .
360 914 474 988 deinde
493 917 572 1003 quio
587 911 737 1001 plerique
747 933 832 999 quae
847 907 967 972 delicto
985 905 1255 995 repraehenderis
1275 903 1471 978 oralecolem
1489 925 1504 962 5

361 1022 408 1084 tia
427 1029 457 1086 et
473 1016 596 1086 invidia
606 1015 694 1087 dicta
706 1025 830 1102 pectant
842 1011 865 1085 l·
887 1009 954 1084 ‚Sed
972 1020 1091 1098 coepta
1107 1031 1293 1096 sequamur.

405 1199 495 1264 Vllll
510 1195 585 1283 (14).
602 1194 708 1286 Igitur
723 1189 1086 1280 Chlothachariuspost
1097 1204 1237 1256 mortem
1248 1191 1478 1258 Theodovaldi

227 1315 280 1364 Col.
298 1315 351 1366 154.
362 1324 436 1370 cunr
457 1295 573 1389 regllno
590 1296 749 1364 Franciae
765 1294 961 1385 suscipisset
977 1307 1159 1384 atqueeum
1171 1291 1339 1374 circuiret,
1352 1294 1480 1361 audivit

362 1401 463 1467 asuis
485 1399 520 1464 in
545 1399 662 1465 iterata
681 1397 810 1464 insania
837 1396 1045 1462 efferviscere
1068 1399 1215 1472 Saxones
1243 1394 1373 1487 sibique
1403 1423 1479 1464 esso

360 1503 518 1590 rebelles,
539 1515 572 1572 et
586 1502 676 1594 quod
691 1501 834 1582 tributa,
854 1525 938 1591 quae
957 1498 1053 1563 annis
1073 1495 1214 1589 singulis
1235 1515 1479 1576 consueverant
1497 1533 1525 1570 ro

363 1605 564 1685 ministrare,
582 1615 836 1671 contemnerent
857 1602 1010 1668 reddere.
1034 1601 1092 1668 llis
1110 1600 1267 1668 incitatus
1288 1602 1417 1687 verbis,
1434 1605 1478 1670 ad

361 1701 421 1774 ‘eos
445 1707 578 1801 diregit.
598 1709 747 1796 Cumque
773 1705 838 1770 iam
860 1729 965 1794 prope
994 1703 1172 1769 terminum
1201 1702 1333 1770 illorum
1370 1719 1478 1792 esset,

365 1813 514 1878 Saxones
541 1810 668 1900 legatos
689 1808 729 1874 ad
753 1833 827 1874 eum
854 1808 1007 1886 mittunt,
1025 1805 1177 1871 dicentes
1206 1833 1213 1870 :
1244 1832 1261 1870 «
1289 1808 1363 1874 Non
1389 1807 1481 1884 enim

365 1937 477 1978 sumus
493 1924 741 2002 contemptores
757 1909 825 1998 tui,
843 1922 876 1976 et
893 1934 933 1974 ea
956 1932 1040 1999 quae
1062 1908 1220 1974 fratribus
1243 1933 1280 1974 ac
1298 1909 1482 2000 nepotibus

364 2015 506 2103 reddere
542 2014 775 2080 consuevimus
794 2038 862 2078 non
885 2037 1062 2104 negamus,
1089 2023 1123 2076 et
1151 2010 1274 2078 maiora
1301 2013 1424 2104 adhuc,
1451 2012 1482 2077 si
1500 2036 1526 2074 15

365 2114 565 2206 quaesieris,
586 2115 768 2182 reddimus.
786 2118 894 2182 Unum
908 2127 1035 2180 tantum
1052 2112 1282 2201 exposcimus,
1304 2127 1339 2179 ut
1357 2115 1399 2180 sit
1415 2139 1482 2203 pax

366 2243 407 2284 ne
423 2230 499 2284 tuus
517 2216 681 2284 exercitus
702 2231 734 2284 et
758 2231 872 2284 noster
891 2216 1033 2306 populus
1054 2215 1253 2281 conlidatur.
1277 2243 1294 2289 a
1316 2221 1404 2285 Haec
1421 2242 1481 2282 au-

365 2320 462 2386 diens
478 2321 756 2388 Chlothacharius
772 2346 840 2401 rex,
855 2321 900 2386 ait
912 2319 997 2384 suis:
1013 2346 1029 2381 «
1045 2321 1135 2384 Bene
1147 2317 1360 2410 locunturhii
1374 2319 1480 2386 homi·

366 2447 437 2488 nes.
451 2425 524 2490 Non
536 2424 730 2489 incedamus
744 2448 843 2514 super
854 2447 923 2503 eos,
937 2446 978 2486 ne
989 2422 1074 2486 forte
1084 2445 1261 2510 peccemus
1278 2420 1313 2486 in
1329 2425 1445 2488 Deum.
1461 2450 1478 2484 »

366 2524 409 2590 llt
425 2523 474 2591 illi
486 2525 643 2592 dixerunt
659 2553 666 2590 z
688 2553 705 2588 a
723 2524 853 2592 Scimus
871 2523 959 2591 enim
980 2549 1037 2589 eos
1051 2547 1124 2589 esse
1143 2525 1319 2610 mendaces
1330 2549 1392 2590 nec
1407 2551 1481 2590 our-
1495 2552 1527 2588 ·.›o

367 2625 448 2696 nino
466 2627 555 2716 quod
568 2629 794 2716 promiserunt
807 2626 1014 2716 impleturos.
1032 2628 1152 2690 Eamus
1166 2650 1266 2715 super
1278 2650 1346 2694 eos.
1364 2653 1381 2689 a
1395 2629 1483 2692 Rur-

368 2753 439 2794 sum
462 2731 611 2800 Saxones
625 2729 819 2794 obtulerunt
836 2728 1048 2794 medietatem
1066 2727 1231 2794 facultatis
1255 2754 1344 2809 suae,
1364 2753 1483 2818 pacem

367 2844 532 2921 petentes.
560 2834 601 2896 Et
627 2829 840 2897 Chlotharius
865 2829 910 2894 ait
928 2831 996 2896 suis
1019 2856 1025 2894 ι
1051 2855 1067 2893 r<
1088 2829 1260 2909 Desistite,
1281 2855 1422 2920 quaeso,
1440 2833 1482 2897 ab

367 2931 420 2996 his
439 2930 643 3012 hominibus,
665 2956 705 2996 ne
724 2955 823 3021 super
844 2956 904 2996 nos
924 2932 986 2996 Dei
1004 2933 1053 2998 ira
1071 2933 1299 2998 concitetur.»
1318 2933 1416 3018 Quod
1432 2932 1482 2999 illi

368 3059 434 3099 non
455 3033 706 3124 adquieverunt.
728 3036 869 3099 Rursum
894 3037 1041 3100 Saxones
1059 3035 1253 3100 obtulerunt
1269 3035 1480 3116 vestimenta,
1496 3063 1528 3100 as

368 3160 510 3227 paecora
528 3135 579 3200 vel
597 3135 687 3200 omni
707 3159 827 3225 corpus
849 3134 1012 3201 facultatis
1034 3161 1128 3218 suae,
1151 3137 1302 3203 dicentes
1325 3166 1332 3212 ;
1357 3141 1483 3232 «llaec

369 3237 480 3302 omnia
499 3236 607 3302 tollite
623 3262 698 3302 cum
712 3237 929 3310 =medietatem
947 3251 1055 3304 terrae
1072 3252 1222 3318 nostrae,
1248 3253 1377 3306 tantum
1402 3265 1483 3306 uxo-

342 3347 345 3354 “
368 3341 414 3403 ris
433 3351 465 3410 et
481 3339 635 3427 parvolos
660 3352 793 3406 nostros
816 3341 994 3431 relinquite
1018 3342 1159 3422 liberos,
1191 3355 1224 3408 et
1248 3343 1372 3410 bellum
1395 3346 1486 3410 inter

369 3466 430 3506 nos
446 3465 514 3506 non
534 3443 760 3508 conmittatur.
790 3470 805 3504 a
827 3445 946 3510 Franci
968 3457 1076 3511 autem
1099 3469 1160 3510 nee
1182 3447 1250 3518 hoc,
1268 3447 1485 3537 adquiescere

369 3542 556 3609 voluerunt.
587 3543 716 3630 Quibus
749 3545 793 3608 ait
827 3544 1104 3612 Chlothacharius
1135 3570 1192 3630 rex
1224 3573 1230 3610 :
1263 3575 1279 3610 «
1309 3547 1483 3629 Desistite,
1501 3575 1531 3612 ao

252 3656 306 3704 For.
320 3656 358 3703 47.
371 3665 507 3734 quaeso,
526 3643 677 3710 desistite
694 3644 707 3735 {l
724 3646 765 3709 ab
776 3646 838 3710 hac
847 3647 1045 3713 intentione.
1058 3648 1204 3714 Verbum
1220 3649 1308 3714 enim
1322 3633 1486 3715 derietnm

372 3770 439 3810 non
457 3746 637 3826 habemus3
666 3745 770 3811 nolite
792 3747 833 3812 ad
852 3747 975 3814 bellum
995 3750 1059 3839 ire,
1089 3747 1124 3813 in
1148 3773 1213 3837 quo
1232 3749 1484 3840 disperdamini.

372 3851 496 3920 Tamen
531 3848 558 3912 si
589 3845 680 3912 abire
707 3848 887 3914 volueretis
912 3862 1095 3948 spontanea
1118 3849 1305 3932 voluntate,
1334 3877 1396 3944 ego
1420 3877 1488 3918 non

375 3975 506 4042 sequar.
527 3976 544 4014 a
562 3953 655 4016 Tunc
675 3949 723 4016 illi
739 3953 787 4016 ira
804 3952 962 4020 commati
980 3966 1095 4020 contra
1116 3953 1364 4035 Chlotharium,
1387 3981 1489 4048 super

373 4245 376 4252 ’
400 4249 426 4296 l.
444 4247 565 4297 ‘Sallustii
579 4249 665 4324 Cutll3,
679 4266 700 4296 c.
715 4251 736 4296 3.
