3256 5144
364 411 407 458 air
647 407 804 458 GREGORII
824 406 1033 456 ruuonuus1s
1051 407 1202 456 EPISCOPI

364 531 466 590 vistim
499 539 546 590 eet
574 539 733 614 temptare
759 525 918 612 Spiritum
944 527 1122 588 sunctum?
1144 524 1219 590 Non
1242 547 1276 586 es
1303 522 1488 586 bominibus

364 633 528 706 recutitur,
550 626 608 690 sed
631 627 698 688 Deo
714 625 735 690 ¹.
760 627 802 690 Et
823 626 880 689 ubi
903 637 954 688 cst
970 637 1003 689 et
1021 623 1104 689 illud
1127 624 1217 712 quod
1235 623 1374 701 Paulus,
1399 647 1488 710 mys·

365 726 428 791 tica
456 727 543 790 (Iona
571 750 853 805 commemorans,
882 725 950 791 ait:
978 727 1068 790 Haec
1097 732 1181 790 eitun
1209 739 1374 814 ¹operatur
1403 747 1489 788 artus

364 844 462 919 atque
480 830 562 893 idem
586 831 746 917 Spiritus,
768 829 915 892 dividens
943 833 1137 918 uuicuique,
1163 842 1266 916 prout
1292 827 1401 892 valet?
1422 827 1488 910 Qui
1611 907 1612 912 η

364 929 453 994 enim
474 942 631 1018 operatur
648 929 738 1019 quod
760 929 846 1006 vult,
869 926 953 992 nulli
971 928 1191 1018 cognuscitur„
1206 953 1279 993 esse
1301 927 1484 993 subiectus.
1503 953 1518 990 5
1611 1001 1612 1004 Ἴ

363 1033 553 1097 decedente
575 1045 683 1096 autem
704 1030 875 1096 Ansoaldo
901 1031 941 1095 ad
962 1030 1190 1120 Chilpericum
1211 1055 1340 1120 regem,
1364 1030 1490 1120 legatio

365 1133 588 1222 Hispanorum
606 1146 657 1198 est
679 1133 874 1210 subsecuta,
899 1157 983 1220 quae
1006 1133 1048 1197 de
1073 1130 1267 1220 Chilperico
1291 1132 1331 1196 ad
1351 1131 1490 1196 Childe·

364 1237 495 1302 bertum
513 1236 694 1312 accedens,
715 1237 749 1299 in
769 1234 939 1324 Hispaniis
960 1246 1012 1299 est
1031 1257 1196 1324 regressa.

409 1419 469 1482 XII
485 1415 561 1502 (19).
577 1415 674 1503 Apud
692 1427 829 1502 pontem
844 1437 922 1478 vero
938 1414 1131 1480 Urbiensim
1149 1413 1291 1478 civitatis
1302 1413 1490 1480 parisiacae
1611 1495 1612 1502 ἵ

230 1540 284 1589 (201.
300 1539 353 1586 aas.
366 1517 576 1605 Chilpericus
593 1541 650 1580 rex
664 1514 821 1580 custodes
837 1527 1007 1604 posuerat,
1023 1527 1060 1580 ut
1075 1514 1291 1580 insidiatores
1301 1513 1314 1602 ll
1329 1517 1371 1580 de
1387 1540 1492 1608 regno
1510 1543 1538 1581 ιο
1611 1543 1612 1610 3

367 1618 476 1685 fratris
494 1617 564 1698 sui,
581 1643 622 1682 ne
636 1630 798 1682 nocerent
813 1616 957 1706 aliquid,
976 1629 1180 1682 arcerentur.
1203 1617 1301 1700 Quod
1321 1618 1491 1707 Asclipius

367 1721 504 1786 exduce
522 1718 754 1809 praecognito,
766 1732 866 1784 noete
882 1720 1033 1796 inruens,
1047 1718 1208 1784 interficit
1223 1743 1339 1784 omnes
1356 1745 1492 1810 pagum-

368 1847 432 1912 que
452 1834 554 1911 ponte
570 1820 757 1909 proximum
774 1819 920 1910 graviter
935 1820 1159 1908 depopulatus
1180 1833 1241 1885 est.
1257 1822 1407 1908 Cumque
1422 1821 1493 1911 regi

369 1923 561 2010 Chilperico
579 1922 766 1986 nuntiatum
790 1921 923 2001 fuisset,
946 1923 1035 1986 misit
1053 1921 1189 1986 nuntios
1207 1921 1386 1986 comitibus
1403 1923 1495 1988 duci·

370 2027 499 2113 busque
518 2024 570 2089 vel
591 2025 739 2112 reliquos
771 2025 966 2114 agentibus,
999 2036 1052 2103 ut,
1080 2023 1224 2089 collectu
1260 2024 1424 2107 exercitu,
1459 2027 1494 2091 in
1513 2053 1539 2091 15
1611 2071 1612 2074 =

372 2151 474 2216 regno
494 2127 643 2214 germani
674 2127 724 2189 sui
744 2126 929 2190 inruerent.
961 2126 1028 2191 Sed
1055 2125 1245 2214 prohibitus
1273 2139 1324 2190 est
1350 2127 1494 2193 consilio

372 2232 571 2294 abonorum
594 2229 779 2305 hominum,
803 2228 1023 2305 nel'acerent,
1046 2226 1238 2291 dicentibus
1264 2227 1327 2292 sibi
1352 2253 1359 2291 :
1396 2255 1413 2292 «
1444 2230 1495 2295 Illi

371 2355 528 2420 perverse
544 2343 698 2420 egerunt,
709 2341 744 2394 tu
755 2353 833 2394 vero
846 2330 1016 2418 sapienter
1031 2353 1103 2416 age.
1121 2330 1216 2392 Mitte
1233 2328 1325 2393 fratri
1343 2331 1494 2412 nuntios,

373 2447 406 2498 et
426 2433 452 2498 si
469 2432 624 2497 iniuriam
644 2444 733 2496 tuam
754 2431 932 2496 emendare
947 2430 1109 2508 voluerit,
1133 2430 1216 2494 nihil
1235 2431 1319 2495 male
1338 2432 1446 2521 geris3
1469 2434 1497 2498 si
1519 2491 1531 2510 ,
1611 2421 1612 2456 l

374 2561 450 2600 vero
479 2535 639 2612 noluerit,
663 2533 822 2600 tractabis
849 2533 1028 2622 deinceps,
1049 2533 1130 2622 quid
1155 2533 1321 2622 sequaris!
1345 2539 1424 2602 »Et
1449 2536 1541 2604 sicae
1611 2583 1612 2598 i

376 2639 503 2701 ratione
517 2648 670 2724 accepta,
690 2635 863 2724 prohibitu
883 2635 1050 2714 exercitu,
1072 2635 1275 2726 legationem
1293 2636 1386 2702 fratri
1407 2639 1499 2704 dire·

374 2739 434 2828 git.
464 2739 531 2804 Sed
554 2739 609 2803 ille
637 2751 758 2804 cuncta
789 2738 989 2814 emendans,
1018 2737 1128 2801 fratris
1155 2737 1319 2826 quaesivit
1346 2741 1500 2832 integrae

375 2855 557 2906 carrtatem.

420 3027 494 3089 XIII
514 3023 590 3110 (20).
615 3025 662 3086 Eo
679 3046 766 3086 anno
787 3022 979 3086 Chrodinus
996 3019 1097 3096 obiit,
1118 3019 1167 3084 vir
1185 3020 1382 3110 magnificae
1398 3022 1500 3088 boni-

373 3125 452 3190 tatis
467 3139 501 3191 et
515 3123 661 3214 pietatis,
674 3121 948 3210 aelymosiuarius
964 3122 1059 3186 valde
1071 3145 1322 3210 pauperumque
1338 3122 1496 3204 refector,
1513 3153 1541 3192 rs

373 3227 522 3318 prolluus
540 3228 664 3292 ditator
679 3224 876 3290 eclesiarum
895 3223 1092 3290 clericorum
1114 3223 1270 3288 nutritor.
1294 3227 1375 3290 Nam
1397 3250 1499 3316 saepe

373 3357 501 3397 anovo
522 3332 665 3396 fundans
691 3329 802 3409 villas,
834 3353 964 3417 ponens
988 3326 1116 3405 vineas,
1149 3325 1329 3392 aedificans
1359 3329 1495 3412 domos,

373 3434 519 3500 culturas
552 3457 710 3522 eregeus,
745 3430 871 3496 vocatis
896 3428 1081 3518 episcopis,
1116 3453 1258 3518 quorum
1293 3443 1365 3494 erut
1395 3456 1497 3520 parva

372 3536 527 3615 l'acultas,
542 3537 620 3599 dato
639 3535 776 3623 aepulo,
796 3533 885 3622 ipsas
904 3534 1021 3597 domos
1044 3556 1119 3595 eum
1139 3530 1325 3596 cultoribus
1341 3544 1375 3597 et
1392 3535 1498 3602 cultu·

254 3663 357 3712 norm,
372 3640 436 3716 ris,
472 3662 546 3702 cum
578 3636 786 3728 argento,3{}
816 3632 1132 3724 parastromatibus,
1157 3632 1376 3713 utensilibus,
1397 3637 1497 3702 mini·
1512 3663 1539 3701 aa

370 3739 447 3805 stris
468 3753 501 3805 et
516 3739 646 3805 famulis
671 3737 818 3828 benigne
838 3737 1075 3814 distribuebat,
1097 3735 1215 3799 dicens
1237 3762 1244 3798 ι
1269 3762 1286 3798 u
1312 3735 1388 3802 Sint
1413 3740 1498 3804 haec

369 3841 490 3907 eclesia
513 3843 608 3920 data,
644 3854 695 3917 ut,
731 3841 810 3905 dum
837 3839 879 3904 de
906 3837 959 3903 his
980 3859 1144 3926 pauperes
1170 3836 1379 3916 reficiuntur,
1414 3839 1498 3907 mihi

367 3944 496 4010 veniam
520 3946 703 4010 obteneant
729 3942 816 4030 apud
836 3944 953 4006 Deum.
984 3966 1001 4001 a
1028 3938 1131 4003 Multa
1157 3938 1246 4004 araim
1268 3952 1301 4005 et
1325 3941 1387 4006 alia
1409 3944 1499 4009 bona

366 4045 552 4112 audivimus
576 4046 617 4110 de
638 4047 702 4109 hoc
720 4042 811 4122 vlro,
838 4067 922 4131 quae
943 4040 1076 4129 insequi
1102 4040 1239 4131 longum
1262 4054 1324 4107 est.
1348 4044 1499 4111 'l'ransiit
1611 4123 1612 4126 Ἴ

365 4157 475 4210 autem
492 4156 599 4208 aetate
616 4142 882 4231 septuagenaria.
1509 4171 1537 4212 ³5

1092 4263 1487 4282 Ἣ

394 4313 420 4382 I.⁴
434 4314 487 4359 net.
503 4314 525 4366 5,
540 4311 591 4357 341.
604 4337 634 4348 -
652 4311 673 4357 2.
692 4307 711 4356 I.
727 4307 785 4356 Cor.
801 4307 830 4354 12
837 4343 843 4366 ,
858 4307 896 4356 11.
909 4308 962 4356 -3,
981 4305 1034 4355 Fol.
1054 4308 1084 4354 86
1103 4315 1128 4354 ν·
1139 4311 1222 4354 vacat.
