3238 5140
367 459 396 505 22
651 460 807 510 GREGORll
826 463 1033 514 TURONENSIS
1050 463 1202 516 EPISCOPl

398 576 435 620 34.
454 575 620 622 lnruentihus
634 582 720 622 autem
735 576 886 626 Alamannis
895 579 922 625 in
938 579 1050 634 Gallias¹
1064 586 1170 627 sanctus
1181 581 1302 628 Privatus
1313 579 1485 628 Gabalitanae

367 637 440 684 urbis
450 637 598 700 episcopus,
609 638 636 684 in
649 638 761 701 criptam
775 641 963 688 Memmatinsis
978 643 1083 698 montis,
1094 643 1139 689 uhi
1150 642 1254 690 ieiuniis
1269 641 1485 704 orationibusque

366 700 489 755 vacabat,
509 699 646 762 reperitur,
662 702 790 764 populum
806 703 980 750 Gredonensis
999 705 1080 752 castri
1097 704 1237 752 monitione
1252 705 1412 752 conclusum.
1433 703 1485 750 Sed

368 761 430 808 dum
443 777 503 808 oves
517 778 577 809 suas
590 769 618 810 ut
631 764 713 810 honus
722 771 813 826 pastor
826 765 853 811 lu
873 765 1007 814 istradere
1019 783 1071 814 non
1083 767 1224 824 consentit,
1238 765 1381 814 daemoniis
1390 765 1485 814 immo-

367 824 422 870 lare
434 824 599 886 conpellitur.
616 825 690 880 Quod
706 842 830 888 spurcum
847 782 891 874 ille
908 834 962 874 tarn
982 845 1119 876 exsecrans
1135 845 1214 892 quam
1230 831 1362 886 refutans,
1383 827 1512 882 tamdiu5

369 885 481 932 fustibus
492 886 616 942 caeditur,
631 887 800 952 quoadusque
816 896 954 951 putaretur
967 891 1102 938 exanimis.
1120 891 1171 938 Sed
1187 908 1217 938 ex
1228 891 1287 954 ipsa
1302 890 1483 954 quassatione,

367 948 530 1011 interpositis
542 950 633 1011 paucis
645 950 751 1007 diebus,
765 952 888 1014 spiritum
899 952 1020 1002 exalavit.
1035 953 1150 1001 Chrocus
1163 969 1224 1001 vero
1236 953 1305 1016 apud
1318 952 1487 1000 Arelatinsim

369 1009 514 1058 Galliarum
527 1011 619 1058 urbem
635 1012 843 1074 conprehensus,
858 1014 969 1062 diversis
987 1015 1104 1062 adlectus
1120 1015 1270 1078 suppliciis,
1307 1015 1377 1062 ladio
1392 1015 1487 1062 verbe-

370 1079 443 1120 ratus
454 1072 561 1132 interiit,
576 1074 761 1137 non'jnmerito
774 1092 886 1139 poenas,
901 1093 966 1140 quas
978 1079 1074 1126 sanctis
1087 1078 1132 1126 Dei
1144 1032 1377 1136 intulerat,luens.

400 1271 438 1318 35.
455 1271 509 1318 Sub
527 1270 698 1328 Diocliciano,
718 1272 763 1334 qui
781 1272 913 1320 tricesimo
935 1272 1012 1320 tertio
1029 1273 1086 1320 loco
1102 1274 1247 1321 Romanum
1259 1271 1324 1319 rexit
1338 1270 1488 1334 imperium,
1506 1285 1532 1324 ιο

369 1332 458 1394 gravis
469 1339 559 1380 contra
576 1332 738 1380 Christianos
751 1350 798 1406 per
815 1351 897 1381 annos
911 1340 1034 1398 quattuor
1046 1335 1192 1398 persecutio
1205 1335 1335 1398 exagitata
1347 1340 1398 1389 est,
1411 1333 1449 1380 ita
1459 1339 1491 1379 ut

369 1394 482 1458 quadam
495 1395 550 1442 vice
562 1394 589 1441 in
598 1395 657 1458 ipso
666 1396 843 1444 sacratrssimo
854 1396 895 1444 die
908 1397 1021 1460 paschae
1032 1397 1120 1460 magni
1129 1397 1340 1445 Christianorum
1350 1395 1441 1458 populi
1454 1396 1490 1442 ob

232 1457 238 1465 '
285 1459 287 1463 ’
369 1457 424 1504 veri
446 1457 491 1503 Dei
507 1458 607 1504 cultum
626 1457 840 1506 interficerentur.
863 1459 900 1506 Eo
918 1466 1035 1522 tempore
1054 1458 1178 1515 Quirinus
1203 1459 1341 1506 Siscicnsis
1365 1457 1490 1504 ecclesiae

370 1518 491 1567 sacerdos
504 1519 649 1582 gloriosum
659 1537 706 1583 pro
719 1521 817 1568 Christi
830 1522 933 1568 nomine
948 1521 1103 1584 martyrium
1114 1520 1236 1584 pertulit,
1251 1537 1341 1584 quem,
1357 1519 1439 1582 ligato
1455 1519 1490 1566 ad

369 1582 467 1629 collum
479 1582 577 1629 molare
593 1598 667 1639 saxo,
686 1583 712 1629 in
732 1583 847 1630 fluminis
868 1584 972 1646 gurgite
989 1583 1081 1631 sevitia
1099 1583 1196 1647 inpulit
1212 1599 1384 1647 paganorum.
1406 1581 1491 1645 Igitur
1506 1597 1533 1636 15

252 1657 304 1706 (201,
319 1659 358 1705 27,
370 1661 429 1690 cum
446 1643 583 1691 cecidisset
603 1644 629 1692 in
641 1647 650 1704 ss
663 1645 780 1707 gurgite,
801 1645 846 1692 din
864 1661 943 1709 super
960 1662 1041 1708 aquas
1062 1645 1152 1692 divina
1169 1645 1265 1693 virtute
1282 1645 1422 1699 ferebatur,
1443 1659 1491 1691 nec

371 1706 512 1754 sorbebant
521 1723 604 1769 aquae
613 1723 689 1770 quern
697 1708 801 1771 pondus
812 1708 928 1754 criminis
939 1725 990 1755 non
998 1708 1158 1771 praemebat.
1168 1707 1242 1764 Quod
1252 1709 1348 1754 lactum
1357 1707 1491 1764 admirans

371 1769 510 1816 multitudo
523 1769 614 1831 populi
632 1770 845 1826 circumstantes,
865 1770 983 1832 dispecto
1004 1772 1090 1817 lurore
1108 1770 1254 1832 gentilium,
1274 1770 1307 1816 ad
1325 1769 1492 1816 liberandum

370 1839 514 1894 properant
526 1832 695 1879 sacerdotem.
710 1833 778 1880 llaec
790 1833 834 1878 ille
848 1849 964 1889 cernens,
979 1849 1029 1880 non
1042 1849 1137 1895 passus
1149 1840 1201 1888 cst,
1214 1849 1240 1879 se
1255 1849 1270 1879 o
1288 1831 1413 1894 martyrio
1427 1831 1491 1878 suh-

371 1892 453 1950 trahi,
468 1894 513 1939 sed
526 1894 618 1940 erectis
632 1895 665 1940 ad
678 1895 778 1941 caelum
790 1893 872 1942 oculis
887 1894 925 1942 ait
942 1911 946 1942 :
960 1911 971 1941 u
986 1897 1044 1942 lesu
1056 1895 1172 1950 domine,
1191 1894 1235 1958 qui
1266 1895 1378 1941 loriosus
1391 1893 1491 1940 resedis
1505 1909 1534 1946 ρο

372 1957 405 2002 ad
418 1956 550 2003 dexteram
562 1956 660 2012 Patris,
673 1973 703 2003 nc
716 1957 826 2019 patiaris
840 1973 880 2004 me
892 1958 940 2003 hoc
954 1957 1038 2004 stadio
1052 1957 1192 2013 removeri,
1213 1973 1239 2003 se
1273 1955 1419 2018 suscipiens
1433 1956 1492 2003 ani-

372 2034 442 2064 mam
451 2034 543 2074 meam,
557 2018 713 2081 coniungere
726 2034 766 2065 me
779 2018 831 2066 tuis
842 2019 1001 2082 martyribus
1015 2019 1041 2066 in
1056 2020 1161 2082 requiae
1176 2020 1334 2082 sempiterna
1349 2018 1467 2082 dignare.
1478 2035 1490 2064 n

372 2081 405 2127 Et
414 2080 455 2126 his
468 2080 544 2128 dictis
557 2080 671 2128 reddidit
683 2081 813 2143 spiritum.
825 2082 904 2129 Cuius
917 2097 1012 2144 corpus
1024 2098 1040 2129 a
1051 2081 1370 2144 Christianissusceptum
1382 2096 1492 2128 venera-

373 2143 462 2190 biliter
477 2143 627 2206 sepulturae
639 2143 790 2191 mandatum
803 2151 850 2192 est.

405 2339 442 2384 36.
461 2337 635 2385 Romanorum
647 2337 795 2385 tricesimus
809 2346 917 2401 quartus
929 2339 1069 2402 imperium
1081 2339 1193 2387 obtinuit
1208 2339 1402 2394 Constantinus,
1417 2339 1494 2386 annis
1507 2362 1538 2400 25

374 2398 483 2462 triginta
496 2415 609 2463 regnans
623 2401 740 2447 feliciter.
755 2401 837 2448 Huius
853 2401 957 2464 imperii
971 2417 1038 2448 anno
1049 2402 1198 2457 undecimo,
1213 2418 1270 2448 cum
1304 2408 1344 2448 ost
1359 2417 1495 2448 excessum

374 2461 526 2509 Diocliciani
539 2477 590 2524 pax
603 2463 705 2509 reddita
718 2462 810 2510 luisset
829 2464 961 2519 ecclesiis,
979 2464 1147 2511 beatissimus
1165 2464 1272 2527 praesul
1310 2463 1411 2510 artinas
1423 2464 1496 2526 apud

375 2524 514 2572 Sabariam
530 2524 678 2571 Pannoniae
698 2525 831 2572 civitatem
848 2526 966 2573 nuscitur
984 2527 1137 2588 parentibus
1161 2527 1319 2588 gentilibus,
1340 2532 1495 2574 nontamen

374 2587 481 2634 infimis
493 2587 540 2632 llic
552 2586 737 2634 Constantinus
748 2604 815 2634 anno
828 2588 964 2636 vicessima
976 2588 1080 2650 imperii
1094 2589 1133 2635 sui
1147 2588 1271 2651 Crispum
1284 2587 1369 2636 filium
1380 2603 1495 2643 veneno,

376 2649 500 2696 Faustam
510 2649 647 2711 coniugem
662 2650 788 2696 calentem
805 2650 898 2697 balneo
911 2651 1052 2705 interfecit,
1068 2651 1167 2698 scilicet
1198 2651 1247 2697 uod
1260 2651 1407 2714 proditores
1420 2652 1496 2712 regni
1511 2673 1542 2710 30

376 2711 431 2758 eius
445 2727 501 2758 esse
514 2710 667 2758 voluissent.
682 2711 763 2758 Huius
776 2718 892 2774 tempore
907 2712 1055 2759 venerabile
1074 2713 1159 2760 crucis
1177 2667 1321 2760 dominicae
1334 2712 1436 2774 lignum
1449 2729 1498 2776 per

377 2771 492 2820 studium
505 2773 617 2820 Helenae
629 2773 720 2820 matris
733 2781 866 2847 repertum
878 2781 930 2830 est,
946 2775 1070 2835 prodente
1087 2773 1151 2821 luda
1163 2776 1289 2830 Hebraeo,
1304 2775 1348 2839 qni
1362 2781 1421 2838 post
1433 2775 1499 2848 bap-

376 2837 484 2884 tismum
500 2835 637 2890 Quiriacus
655 2843 694 2883 est
718 2842 854 2884 vocrtatus.
873 2837 961 2900 Usque
979 2838 1005 2882 in
1027 2837 1076 2884 hoc
1097 2844 1199 2900 tempus
1216 2836 1446 2900 historiographus
1469 2855 1498 2884 rn

377 2897 506 2946 chronicis
520 2897 611 2944 scribit
623 2898 760 2946 Eusebius.
772 2901 792 2945 Α
806 2897 943 2946 vicessima
956 2900 1042 2962 primo
1057 2899 1127 2948 enim
1138 2901 1194 2947 cius
1205 2899 1309 2962 imperii
1323 2915 1391 2946 anno
1403 2898 1498 2948 Hiero-

378 2961 464 3007 nimus
477 2961 625 3023 praesbiter
634 2960 748 3017 addidit,
761 2960 894 3020 indicans,
908 2962 1048 3009 Iuvencum
1058 2962 1251 3024 praesbitcrum
1263 2961 1400 3026 euangelia
1412 2962 1498 3012 versi·
1513 2985 1543 3024 35

378 3022 427 3070 bus
440 3022 638 3080 conscribsisse,
653 3029 761 3086 rogante
775 3023 925 3086 supradicto
936 3024 1102 3086 imperatore.

261 3224 314 3272 Col.
330 3225 368 3270 28.
410 3219 448 3265 37.
479 3217 533 3266 Sub
557 3217 706 3265 Constantis
717 3216 816 3280 l'autem
842 3217 952 3280 imperio
976 3217 1085 3265 lacobus
1105 3219 1249 3266 Nisebcnus
1271 3219 1329 3281 luit,
1350 3218 1383 3265 ad
1399 3221 1409 3278 ΙΙ
1425 3219 1501 3267 cuius

380 3295 487 3344 praeces
504 3280 643 3327 inclinatae
660 3295 736 3327 aures
754 3279 857 3326 divinae
876 3279 1027 3327 clementiae
1046 3281 1129 3328 multa
1145 3281 1262 3343 pericula
1283 3298 1298 3328 a
1321 3280 1425 3328 civitate
1443 3281 1501 3330 eius

380 3343 541 3454 qqpulerplplt.
556 3342 606 3390 Sed
617 3348 642 3389 et
651 3342 807 3390 Maximinus
820 3343 991 3390 Treverorum
1000 3341 1138 3406 episcopus
1150 3344 1275 3406 potensin
1284 3343 1354 3390 omni
1363 3344 1501 3392 sanctitate
1515 3421 1546 3461 4⁰

410 3421 486 3469 pperr
534 3441 539 3452 .

412 3605 450 3650 38.
468 3604 541 3650 Nono
559 3601 659 3650 decimo
681 3601 843 3649 Constantini
863 3599 972 3647 iunioris
998 3615 1065 3646 anno
1084 3599 1210 3646 Antonius
1230 3599 1372 3647 monachus
1396 3599 1503 3648 transiit

381 3666 521 3714 centesimo
538 3665 628 3738 quinto
644 3664 737 3712 aetatis
756 3679 832 3711 anno.
854 3662 1025 3711 Beatissimae
1050 3661 1170 3709 llelarius
1189 3661 1344 3708 Pictavinsis
1361 3661 1502 3726 episcopus

382 3745 462 3776 suasu
473 3729 648 3776 hereticorum
659 3727 734 3774 exilio
745 3726 893 3788 deputatur,
908 3725 995 3787 ibique
1008 3724 1090 3771 libros
1103 3739 1150 3786 pro
1163 3723 1214 3770 fide
1231 3723 1358 3771 catholiea
1372 3723 1499 3780 scribens,

292 3803 298 3812 ’
382 3791 533 3840 Constantio
554 3789 639 3847 misit;
660 3789 704 3854 qui
721 3794 814 3852 quarto
833 3787 901 3835 exilii
922 3803 988 3834 anno
1006 3803 1065 3834 eum
1085 3785 1186 3835 absolvi
1206 3785 1312 3844 iubens,
1335 3786 1367 3833 ad
1391 3787 1501 3851 propria

381 3855 466 3902 redire
478 3852 608 3917 permisit.
1515 3887 1546 3926 45

426 4078 517 4146 XXX
534 4074 611 4162 (39).
635 4077 660 4139 T
663 4097 727 4138 unc
740 4075 804 4137 iam
821 4072 979 4137 etlumen
995 4084 1144 4136 nostrum
1161 4070 1320 4148 exoritur,
1339 4071 1501 4159 novisque

382 4178 571 4268 lampadum
602 4176 703 4241 radiis
728 4176 835 4242 Gallia
858 4175 1092 4263 perlustratur,
1115 4175 1179 4238 hoc
1203 4187 1254 4237 est
1282 4198 1321 4238 co
1349 4185 1501 4262 ternpore

329 4307 332 4346 J
383 4279 595 4346 beatissimas
613 4278 776 4344 Martinus
800 4278 834 4342 in
852 4275 976 4344 Gallias
993 4275 1187 4366 praedicare
1203 4300 1338 4342 exorsus
1356 4287 1425 4358 cst,
1443 4274 1500 4364 qui
