3256 5144
425 463 590 512 ursroam
608 425 808 512 raincoauu
826 463 922 513 tissa
938 465 967 514 v.
1092 531 1095 542 Ι
1216 465 1261 514 uu

138 581 325 670 Respondit
343 582 523 670 episcopus
539 605 546 643 t
562 578 660 660 Petii,
679 580 802 661 fateor,
825 580 987 648 amicitias
1002 601 1115 646 eorum
1138 582 1261 646 habere

137 708 211 749 cum
232 708 288 762 eo;
311 695 345 747 et
365 705 431 746 non
453 683 560 748 solum
581 680 771 761 hominem,
792 683 870 762 sed,
896 683 987 747 silas
1007 683 1139 762 fuisset,
1160 705 1261 772 ange·

136 786 203 850 lum
221 786 264 850 de
285 785 377 850 caelo
396 808 621 862 evocaveram,
642 783 699 872 qui
717 797 808 848 esset
822 784 956 849 adiutor
966 787 1054 864 eius;
1073 783 1161 849 filius
1173 783 1261 849 enim

135 887 218 952 mihi
234 900 327 966 erat,
351 899 387 951 ut
406 909 505 974 saepe
528 885 616 962 dixi,
642 884 802 974 spiritalis
830 911 870 950 ex
902 888 1043 952 lavacro.
1068 915 1085 951 a
1113 889 1262 974 Cumque

106 990 328 1054 saltercatio-
353 987 456 1054 altius
478 986 665 1066 tolleretur,
697 991 925 1056 Praetextatus
954 989 1152 1078 episcopus,
1185 1011 1263 1077 pro·

135 1104 259 1158 stratus
275 1092 359 1170 solo,
383 1091 428 1155 ait
442 1117 448 1154 z
461 1117 477 1152 a
500 1091 637 1155 Peccavi
658 1092 691 1154 in
711 1089 803 1156 caelo
819 1103 853 1154 ot
866 1115 978 1156 eoram
993 1105 1038 1171 te,
1060 1117 1079 1154 o
1093 1115 1150 1156 rex
1169 1092 1263 1157 mise·

135 1192 382 1272 ricerdissime;
403 1215 465 1281 ego
483 1214 555 1256 sum
571 1190 739 1255 homicida
756 1191 919 1256 nefandus
931 1221 938 1271 3
952 1217 1014 1282 ego
1030 1205 1062 1256 to
1074 1192 1263 1257 interficere

134 1295 224 1360 volui
249 1308 284 1360 et
304 1294 373 1359 filio
392 1306 450 1360 tuo
470 1293 504 1359 iu
532 1293 617 1357 solio
639 1305 696 1357 tuo
720 1315 869 1381 eregere.
896 1319 912 1354 r
936 1297 1024 1358 llaec
1047 1317 1086 1358 ee
1106 1294 1261 1373 dicente,

135 1399 363 1486 prosternitur
405 1421 463 1461 rex
499 1421 611 1462 coram
647 1394 791 1484 pedibus
832 1395 1061 1475 sacerdotum,
1102 1395 1218 1461 dicens
1256 1423 1261 1460 :

93 1525 119 1567 m
137 1526 154 1562 «
175 1499 317 1578 Audite,
341 1524 361 1564 o
385 1498 527 1588 piissimi
555 1497 764 1576 sacerdotes,
789 1521 881 1561 reum
905 1496 1055 1562 criminis
1076 1497 1264 1563 saeribilem

136 1601 364 1667 confitentem.
399 1629 415 1664 a
441 1603 591 1689 Cumque
613 1599 731 1664 flentes
758 1623 872 1690 regem
894 1600 1116 1664 elevassemus
1137 1624 1153 1664 a
1174 1601 1262 1679 solo,

136 1702 234 1770 iussit
254 1727 329 1770 eum
342 1702 513 1768 basilicam
530 1701 657 1792 egredi.
679 1703 754 1788 lpse
766 1725 844 1765 vero
860 1702 901 1765 ad
920 1714 1077 1766 metatum
1094 1701 1262 1781 discessit,

136 1804 368 1869 transmittens
387 1804 509 1869 librum
527 1826 707 1880 canonum,
726 1802 759 1866 in
771 1802 784 1893 {l
796 1827 863 1891 quo
880 1815 952 1867 erat
967 1803 1143 1892 quaternio
1159 1829 1264 1869 novus
1275 1804 1330 1854 Col.
1345 1806 1398 1854 22⁸·

137 1905 295 1986 adnixus,
325 1908 453 1972 habens
484 1929 630 1970 canones
669 1904 764 1993 qnasi
801 1906 1021 1992 apostolicos,
1052 1905 1264 1971 continentes

93 2011 219 2076 tshaeo
252 2036 259 2073 :
294 2011 478 2098 Episcopus
513 2014 545 2072 in
577 2008 762 2085 homicidia,
798 2013 831 2070 in
864 2009 1028 2072 adulterio
1066 2023 1097 2071 et
1116 2013 1264 2097 periurio

136 2111 398 2200 depruebcusus,
429 2135 450 2174 a
472 2113 657 2175 sacerdotio
681 2110 867 2174 divellatur.
897 2109 955 2174 His
979 2110 1024 2174 ita
1053 2109 1167 2190 lectis,
1190 2136 1264 2176 curn

137 2217 366 2280 Praetextatus
396 2225 500 2276 staret
532 2225 672 2300 stupens
706 2213 948 2276 Berthramnus
983 2211 1162 2300 episeopus
1184 2212 1229 2278 ait
1256 2240 1262 2276 :

138 2343 154 2377 u
174 2314 274 2392 Audi,
295 2339 314 2378 o
327 2315 472 2378 scateret
487 2313 701 2403 coepiscope,
721 2313 797 2402 quia
809 2313 896 2402 regis
907 2313 1048 2402 gratiam
1063 2338 1131 2378 non
1142 2315 1263 2394 habes;

137 2417 281 2505 ideoque
302 2441 363 2480 nee
385 2429 534 2481 nostram
552 2415 724 2480 caritatem
742 2417 790 2479 uti
806 2414 946 2503 poteris,
963 2417 1158 2504 priusquam
1175 2415 1265 2506 regis

92 2545 121 2584 aa
138 2517 382 2609 indulgentiam
408 2517 585 2583 merearis·
606 2543 622 2580 r>
646 2517 704 2583 His
730 2518 776 2582 ita
792 2516 916 2607 gestie,
938 2519 1035 2605 petiit
1059 2543 1135 2597 rex,
1156 2529 1193 2582 ut
1210 2530 1266 2584 aut

137 2634 292 2686 touecam
308 2620 379 2685 eius
402 2621 626 2700 scinderetur,
649 2633 706 2685 aut
723 2619 919 2687 centisimus
940 2633 1075 2684 octavus
1095 2620 1263 2708 psalmas,

137 2723 194 2812 qui
212 2719 508 2786 maledictionibus
527 2721 753 2786 Sohariotioas
774 2721 938 2800 continet,
954 2745 1054 2809 super
1070 2723 1177 2810 capud
1193 2722 1264 2787 cius

137 2823 347 2900 recitaretur,
379 2836 435 2888 aut
457 2836 548 2887 certe
567 2822 728 2887 iudicium
750 2833 866 2887 contra
888 2847 964 2888 eum
984 2823 1201 2902 scriberetur,
1223 2847 1265 2888 ne

136 2926 171 2990 in
190 2939 354 3014 perpetuo
366 2924 638 2990 communicaret.
660 2925 790 3008 Quibus
803 2924 1054 2990 conditionibus
1070 2949 1133 3014 ego
1142 2925 1262 3004 restiti,

92 3054 120 3092 aa
137 3027 227 3092 iuxta
247 3025 449 3114 promissum
472 3025 582 3115 regis,
610 3038 648 3090 ut
674 3025 758 3090 nibil
787 3039 879 3090 extra
900 3049 1045 3090 canones
1077 3039 1261 3115 gereretur.

137 3132 163 3194 T
166 3151 231 3192 truc
254 3131 483 3192 Praetextatus
501 3129 625 3191 nostris
642 3139 755 3217 raptus
776 3128 901 3205 oeulis,
922 3127 955 3190 in
968 3126 1118 3192 custodia
1135 3127 1264 3214 positus

137 3243 200 3294 est.
222 3227 236 3317 ΙΙ
250 3232 299 3292 De
314 3227 503 3318 qualugire
523 3242 691 3318 temptans
712 3241 823 3308 noete,
843 3227 1038 3318 gravissime
1055 3251 1171 3292 caesus
1192 3240 1243 3292 est
1254 3255 1262 3308 ;
1275 3245 1328 3292 For.
1340 3247 1370 3293 69
1384 3254 1418 3296 c.

98 3413 104 3424 ι
137 3334 171 3394 in
187 3330 294 3394 insola
310 3330 429 3408 maris,
452 3331 542 3418 quod
561 3329 684 3395 adiaeit
707 3329 832 3395 civitati
852 3328 1086 3405 Constantini,
1107 3328 1140 3392 in
1165 3328 1264 3393 exilio

137 3445 191 3496 est
210 3432 379 3496 detrusus.

91 3563 121 3600 ao
182 3538 262 3599 Post
282 3535 365 3598 haec
376 3533 466 3622 quod
482 3535 701 3599 Merovechus
717 3535 838 3599 iterum
855 3534 993 3598 basilica
1006 3535 1113 3598 saneti
1130 3536 1263 3599 Martini

138 3647 316 3700 conaretur
341 3648 516 3722 expetere3
539 3633 751 3722 Chilperieus
780 3659 858 3699 vero
888 3635 1060 3700 basilicam
1094 3635 1264 3700 custodire

138 3739 243 3815 iubet,
259 3761 387 3800 -omnes
409 3737 518 3801 claudi
537 3737 657 3801 aditos.
676 3738 841 3802 Custodes
866 3751 975 3802 autem
999 3763 1100 3802 uuum
1119 3738 1239 3802 ostium
1255 3790 1262 3818 ,

138 3863 198 3927 per
225 3839 315 3927 quod
339 3837 452 3902 cleriei
478 3839 518 3902 ad
549 3837 693 3902 officium
717 3839 987 3928 ingrederentur,
1015 3838 1261 3927 relinquentes,

139 3940 267 4029 reliqua
282 3953 375 4006 osten
392 3941 503 4006 clausa
518 3941 695 4018 tenebant;
709 3941 800 4029 quod
816 3965 884 4005 non
903 3941 974 4005 sine
990 3941 1102 4005 taedio
1119 3943 1263 4030 populus

90 4072 122 4108 as
139 4041 210 4106 luit.
234 4043 317 4106 Cum
344 4054 453 4106 autem
477 4054 556 4131 aput
575 4040 723 4107 Parisius
744 4066 962 4123 moraremur,
985 4042 1080 4131 signa
1100 4067 1263 4132 apparue-

140 4156 216 4208 runt
236 4142 398 4220 incaelo,
420 4144 453 4208 id
474 4157 525 4208 est
541 4143 660 4233 viginti
684 4143 775 4208 radia
795 4168 812 4208 a
833 4158 927 4232 parte
946 4143 1129 4234 aquilonis,
1149 4143 1205 4231 qui
1223 4144 1264 4206 ab

139 4245 268 4310 oriente
289 4258 481 4334 surgentes,
505 4247 544 4310 ad
570 4246 782 4311 occidentem
812 4247 1058 4338 properabant,
1081 4244 1264 4336 exquibus
