3226 5156
379 442 423 487 132
662 440 819 490 GREGORII
838 437 1045 492 TURONENSIS
1056 438 1216 492 nuscum,

378 557 487 622 locum
510 557 723 646 opperiebat,
749 559 784 621 in
809 579 875 645 quo
903 556 1011 645 possit
1049 554 1188 618 iniurias
1218 557 1321 644 patris
1353 555 1485 634 ulcisci3

377 658 465 723 unde
485 659 607 723 l'uctum
629 671 695 736 est,
717 671 754 729 ut
769 683 870 722 uuum
890 683 930 728 ex
952 657 1082 722 famulis
1104 657 1347 747 concupiscens
1360 661 1494 738 „virum

377 785 540 825 venenum
568 759 767 828 aedificaret.
799 764 873 843 Quo
899 760 1075 841 defuncto,
1108 785 1181 824 cum
1206 760 1330 826 famulo
1355 760 1410 840 iit,
1432 763 1486 826 sed

377 861 616 951 adpraehensi,
644 862 769 951 pariter
790 862 956 928 interfecti
978 876 1066 928 sunt.
1093 862 1304 953 Langobardi
1329 862 1487 953 deinceps

375 963 595 1053 aliunrsuper
615 989 650 1028 sc
673 989 785 1055 regem
806 967 986 1030 statuunt(

218 1139 362 1188 Milli
420 1150 570 1214 XXVIIII
596 1147 672 1234 (42).
702 1146 828 1220 Eunias
854 1159 1231 1236 quoquercognomento
1252 1147 1487 1212 Mummolusa

374 1274 452 1340 rege
473 1251 725 1328 Guntchramno
745 1247 956 1338 patriciatum
977 1247 1171 1336 promeruit.
1195 1251 1244 1312 De
1263 1246 1357 1312 cuius
1373 1248 1490 1314 militia

374 1351 502 1442 origine
514 1350 611 1416 altius
627 1351 788 1440 quaedam
800 1350 983 1441 repetenda
997 1349 1119 1442 putavi.
1131 1349 1191 1414 Hic
1202 1348 1324 1414 etenim
1338 1351 1486 1416 aPeonio

373 1466 467 1541 patre
479 1467 584 1534 ortus,
601 1452 909 1544 Authisioderensis
930 1450 1022 1515 urbis
1037 1450 1146 1515 incola
1162 1449 1233 1515 fnit.
1257 1451 1401 1516 Peonius
1412 1477 1486 1517 vero
1533 1529 1534 1534 η

373 1555 471 1632 huius
485 1555 659 1645 municipii
671 1567 871 1621 cometatnm
887 1556 1034 1644 regebat.
1047 1543 1196 1642 Cumque
1208 1554 1248 1618 ad
1266 1555 1486 1620 renovandam
1503 1582 1528 1620 10

241 1660 294 1708 C01·
308 1661 361 1708 183.
374 1657 538 1722 actionem
559 1681 694 1723 munera
706 1656 780 1747 regi
800 1680 861 1744 per
880 1654 983 1719 filium
1004 1653 1017 1745 Η
1041 1653 1295 1736 transmisisset,
1315 1654 1384 1734 ille,
1402 1655 1486 1720 datis

375 1761 473 1823 rebus
494 1759 659 1847 paterniS,
695 1757 887 1824 comitatum
906 1756 1010 1846 patris
1033 1755 1170 1821 ambivit
1196 1755 1487 1846 supplantavitque

372 1860 572 1952 genitorem,
594 1886 692 1951 quem
708 1861 880 1954 sublevare
899 1858 1070 1925 debuerat.
1091 1861 1139 1923 Ex
1153 1860 1217 1923 hoc
1236 1884 1313 1924 vero
1323 1859 1486 1950 gradatim

371 1962 563 2049 prolicienS,
582 1965 623 2028 ad
639 1963 743 2028 maius
760 1963 891 2050 culmen
912 1975 1045 2026 evectus
1061 1975 1120 2026 est.
1146 1961 1252 2051 Igitur
1269 1986 1486 2052 prorumpen-

371 2063 460 2128 tibus
475 2066 703 2155 Langobardis
723 2065 755 2129 in
776 2064 910 2143 Galliis,
931 2064 1068 2138 Amatus
1091 2063 1270 2153 patricius,
1294 2065 1350 2155 qui
1376 2091 1484 2154 nuper
1501 2091 1528 2129 aa

372 2165 460 2232 Celsi
486 2191 659 2232 successor
676 2168 841 2246 extiterat,
865 2179 980 2231 contra
1010 2191 1067 2231 eos
1088 2164 1187 2244 abiit,
1215 2167 1486 2259 conmissumque

372 2268 508 2347 bellum,
524 2282 617 2360 terga
634 2270 733 2366 vertit
747 2267 934 2356 ceciditque
951 2267 1010 2332 ibi.
1025 2271 1234 2356 Tantumque
1249 2281 1329 2334 tunc
1341 2282 1486 2360 stragem

371 2370 581 2460 Langobardi
618 2371 768 2436 l'eruntur
800 2369 920 2436 fecisse
942 2370 985 2434 de
1009 2369 1326 2460 Burgundionibus,
1356 2384 1391 2436 ut
1418 2397 1486 2437 non

370 2473 478 2561 possit
497 2472 617 2562 collegi
638 2497 797 2539 numerus
813 2471 1018 2552 occisorum;
1041 2471 1236 2560 oneratique
1253 2473 1395 2560 praeda,
1416 2473 1487 2539 dis·

371 2586 543 2638 cesserunt
555 2573 674 2638 iterum
690 2572 724 2638 in
740 2573 878 2639 Italiam.
897 2572 1026 2657 Quibus
1047 2571 1316 2654 discedentibus,
1340 2574 1484 2656 Ennius,
1500 2603 1527 2640 ao

370 2673 425 2764 qui
451 2688 484 2739 et
509 2675 728 2769 Mummolus,
751 2674 929 2740 arcessitus
950 2663 971 2737 a
992 2698 1089 2764 rege,
1121 2673 1315 2762 patriciatus
1338 2676 1485 2743 culmine

369 2777 500 2842 meruit.
523 2776 736 2844 Inruentibus
757 2775 876 2842 iterum
893 2774 1121 2868 Langobardis
1137 2775 1171 2840 in
1191 2776 1315 2840 Gallias
1327 2791 1360 2841 et
1378 2803 1485 2868 usque

369 2879 527 2944 blusticas
547 2880 676 2944 Calmes
697 2879 914 2956 accedentes,
933 2878 1023 2967 quod
1044 2876 1166 2942 adiacit
1191 2877 1357 2942 civitatem
1379 2882 1486 2946 Ebre-
1591 2897 1592 2938 t

369 2982 566 3074 dunensem,
585 2980 785 3047 Mummolus
804 2979 986 3045 exercitum
1007 2979 1108 3044 movit
1127 2993 1249 3045 etcum
1270 2980 1486 3072 Burgundio-

369 3085 467 3150 nibus
484 3084 563 3149 illuc
585 3083 826 3174 proficiscetur.
849 3082 1136 3172 Circumdatisque
1159 3084 1386 3175 langobardis
1408 3110 1484 3151 cum
1499 3113 1525 3152 aa

369 3186 528 3267 exercitu,
548 3187 643 3252 factis
660 3185 758 3251 etiam
778 3185 994 3265 concidibus,
1016 3210 1076 3275 per
1100 3184 1187 3250 clivia
1203 3185 1357 3251 silvarum
1378 3186 1485 3254 inruit

369 3313 469 3378 super
485 3313 553 3368 eos,
574 3288 696 3354 multos
712 3288 891 3369 interfecit,
904 3288 1085 3353 nonnullos
1095 3288 1206 3378 coepit
1216 3303 1249 3353 et
1264 3291 1334 3379 regi
1345 3289 1480 3357 derixit.

367 3396 458 3474 Quos
486 3391 542 3455 ille
563 3415 624 3480 per
653 3391 725 3457 loca
756 3390 927 3481 dispersos
952 3389 1120 3456 custodire
1155 3393 1331 3480 praecipit,
1365 3396 1484 3481 paucis

367 3493 637 3580 quodadmodum
660 3518 721 3582 per
747 3495 858 3584 fugam
882 3492 1002 3582 lapsis,
1032 3492 1088 3581 qni
1118 3495 1245 3581 patriae
1272 3494 1479 3568 nuntiarent.

364 3598 577 3683 Fueruntqne
597 3595 631 3659 in
651 3595 716 3660 hoc
744 3595 872 3684 proelio
898 3594 1053 3660 Salonius
1080 3607 1112 3658 et
1141 3594 1339 3685 Sagittarius
1360 3595 1482 3662 fratres
1498 3622 1524 3661 aa

365 3708 463 3784 atque
479 3696 646 3784 episcopi,
669 3695 726 3784 qui
743 3722 810 3762 non
829 3698 919 3762 cruci
936 3697 1070 3762 caelesti
1091 3696 1227 3775 muniti,
1251 3698 1310 3762 sed
1329 3696 1425 3788 galea
1442 3724 1481 3764 ac

363 3798 467 3864 lorica
492 3797 672 3863 saecularia
699 3801 832 3878 armati,
862 3791 984 3863 multos
1009 3798 1161 3864 manibus
1197 3797 1354 3887 propriis,
1388 3800 1480 3887 quod

363 3899 458 3989 peius
475 3913 538 3980 est,
552 3899 769 3977 ,interfecisse
789 3902 988 3967 referuntur.
1013 3905 1101 3968 Haec
1123 3900 1229 3990 prima
1250 3901 1424 3980 Mummuli
1444 3901 1481 3966 in

365 4007 546 4071 certamine
559 4004 704 4085 ¹victoria
724 4005 795 4072 luit.
814 4010 896 4073 Post
912 4008 994 4072 haec
1013 4010 1173 4084 Saxones,
1193 4004 1250 4094 qui
1267 4006 1480 4095 cumliango-

363 4107 477 4173 bardis
494 4109 529 4172 in
545 4107 672 4175 Italiam
690 4121 865 4186 venerunt,
885 4107 1004 4174 iterum
1021 4119 1244 4196 prorumpunt
1260 4108 1294 4171 in
1311 4107 1428 4172 Galliis
1444 4120 1481 4172 et
1494 4131 1521 4168 aa

363 4210 448 4274 infra
468 4208 673 4274 territurium
693 4212 892 4299 Regensem,
910 4208 943 4273 id
961 4221 1011 4272 cst
1031 4207 1119 4296 apud
1136 4206 1330 4273 Stabloncm
1350 4206 1476 4288 villam,

362 4323 470 4375 castra
495 4324 643 4400 ponunt,
668 4310 894 4392 discurrentes
921 4335 981 4399 pcr
1006 4310 1100 4374 villas
1122 4311 1254 4374 urbium
1274 4309 1475 4402 vicinarum,
