3238 5140
254 473 258 483 ·
338 443 368 490 24
621 437 778 489 GREGORll
796 439 1003 488 TURONENSIS
1020 439 1170 489 EPlSCOPl

383 555 621 643 xxxlltlt43).
638 553 887 620 Maximusvero
903 581 977 622 cum
989 555 1269 645 pertyrannidem
1282 557 1451 646 obpressis

340 657 499 725 Brittanis
520 658 662 748 sumpsit
680 657 852 723 victoriam
864 709 871 738 ‚
894 683 911 722 a
933 659 1096 726 militibus
1121 660 1302 748 imperator
1322 675 1452 726 creatus

339 776 400 827 est.
422 765 459 826 ln
475 763 558 826 urbe
579 760 754 826 Treverica
773 761 886 825 sedem
907 761 1103 841 instituens,
1133 761 1326 828 Gratianum
1346 761 1452 852 impe-

328 877 482 929 ratorem
514 862 775 950 circumventum
808 863 895 927 dolis
924 863 1102 929 interfecit.
1138 865 1189 930 Ad
1219 866 1310 930 hunc
1337 865 1453 929 beatus

338 965 501 1032 Martinus
520 964 584 1029 iam
602 963 780 1054 episcopus
796 965 899 1030 venit.
921 968 959 1030 ln
978 966 1053 1031 loco
1074 991 1154 1058 ergo
1174 966 1323 1033 Gratiani
1345 969 1485 1032 Theo-s

339 1068 453 1134 dosius
471 1067 544 1148 ille,
566 1066 743 1157 quitatem
766 1093 857 1157 spem
878 1067 912 1133 in
932 1071 1037 1133 Deum
1057 1083 1231 1158 posuerat,
1255 1081 1362 1134 totum
1382 1093 1453 1134 sus·

340 1171 430 1258 cepit
466 1169 653 1259 imperium.
694 1172 760 1254 Qui
791 1170 951 1258 deinceps
992 1169 1113 1235 divinis
1151 1170 1305 1236 affatibus
1330 1173 1452 1252 iratus,

340 1273 531 1353 Maximum,
553 1272 729 1362 spoliatum
747 1272 889 1362 imperio
907 1273 1088 1339 interfecit.

370 1487 408 1532 tt.
426 1485 501 1547 Apud
521 1483 643 1530 Arvernis
660 1499 721 1530 vero
740 1483 841 1546 primus
863 1482 1001 1545 episcopus
1023 1489 1083 1546 post
1103 1483 1278 1530 stremonium
1305 1483 1456 1547 episcopum

189 1597 190 1602 ,
299 1587 301 1595 .
340 1547 597 1610 praedicatoremque
622 1545 734 1593 Urbicus
749 1545 852 1602 luit,ex
869 1545 1034 1592 senatoribus
1049 1561 1203 1602 conversus,
1217 1562 1323 1594 uxorem
1344 1547 1455 1599 habens,
1474 1559 1502 1598 io
1547 1561 1558 1575 ·

200 1615 405 1672 'Cot,'30,quae
426 1609 498 1656 iuxta
516 1607 729 1654 consuetudinem
748 1607 951 1654 ecclesiasticam
970 1613 1070 1655 remota
1095 1623 1110 1655 a
1133 1607 1263 1654 consortio
1289 1609 1456 1671 sacerdolltia

339 1672 461 1744 religiose
473 1670 585 1717 vivebat.
597 1671 730 1718 Vacabant
740 1670 808 1718 enim
819 1671 895 1717 ambo
911 1669 1063 1725 orationem,
1079 1670 1227 1718 elemosinis
1240 1677 1267 1717 at
1285 1687 1317 1718 ue
1334 1671 1457 1733 operibus

340 1734 424 1781 bonis.
438 1731 553 1795 Cumque
563 1733 626 1780 baec
637 1738 751 1795 agerent,
761 1733 829 1780 libor
842 1731 948 1792 inimici,
962 1748 1027 1796 qnae
1038 1748 1141 1795 semper
1149 1738 1188 1780 est
1198 1687 1300 1779 aemula
1311 1733 1456 1786 sanctitate,

340 1803 509 1843 conmovetnr
523 1796 550 1841 in
568 1795 692 1851 laemina;
715 1811 794 1858 quam
815 1795 1093 1856 inconcupiscentiam
1109 1795 1159 1841 viri
1178 1795 1349 1851 succendens,
1363 1811 1458 1843 novam

340 1861 422 1906 Evam
432 1857 523 1905 effecit.
538 1859 602 1904 Nam
614 1873 737 1904 succensa
748 1857 842 1903 mulier
856 1874 871 1903 a
884 1857 1000 1914 libidine,
1016 1864 1107 1919 operta
1118 1856 1218 1920 peccati
1229 1857 1358 1913 tenebris,
1372 1859 1459 1920 pergit
1476 1873 1503 1911 13

341 1921 374 1968 ad
386 1921 492 1968 domum
507 1920 630 1967 ecclesiae
641 1935 688 1982 per
698 1919 820 1966 tenebras
833 1919 924 1966 noctis.
939 1919 1053 1982 Cumque
1065 1919 1185 1966 obserata
1197 1919 1456 1982 omniarepperisset,

309 1991 315 1999 “
340 1985 446 2047 pulsare
454 1985 521 2030 iores
528 1982 734 2029 aecclesiasticae
742 1981 979 2044 domusc’oepithac
987 1981 1131 2028 vocehuius
1140 1981 1209 2028 modi
1218 1981 1279 2028 dare
1288 1997 1293 2028 ε
1301 1999 1312 2027 a
1320 1981 1459 2046 Quousque

343 2045 464 2092 sacerdos
471 2044 569 2091 dormis
578 2048 587 2091 l
595 2044 734 2107 Quousque
744 2044 830 2091 hostia
838 2044 928 2092 clausa
936 2061 986 2091 non
997 2060 1098 2091 reseras
1108 2044 1176 2092 ?Cur
1187 2045 1326 2090 satellitem
1335 2048 1460 2107 spernes?

342 2108 394 2154 Cur
406 2106 541 2154 obduratis
554 2107 662 2154 auribus
673 2107 747 2153 Pauli
760 2113 899 2169 praecepta
911 2123 962 2154 non
971 2105 1045 2153 audis
1057 2106 1186 2169 tScripsit
1198 2106 1267 2152 enim
1279 2122 1283 2152 :
1296 2106 1460 2154 Revertimini

343 2172 379 2216 od
398 2170 559 2225 alterutrum,
582 2185 613 2216 ne
635 2174 735 2232 temptet
753 2186 794 2214 vos
813 2170 950 2216 satanael.
979 2170 1044 2215 Ecce
1060 2185 1108 2230 ego
1129 2169 1199 2216 adte
1216 2174 1340 2226 revertor,
1359 2185 1405 2216 nec
1427 2169 1459 2216 ad
1474 2188 1503 2224 ρο

343 2233 493 2279 extraneum
504 2231 549 2277 sed
559 2231 592 2278 ad
605 2232 743 2294 proprium
754 2248 800 2278 vas
812 2247 925 2279 recurro.
936 2247 947 2277 u
958 2233 1025 2278 llaec
1037 2237 1061 2277 et
1073 2231 1114 2277 his
1128 2231 1224 2278 similia
1236 2231 1281 2277 diu
1292 2231 1458 2286 declamanti,

343 2294 448 2342 tandem
466 2293 608 2340 sacerdotis
625 2293 730 2356 tepiscit
749 2294 849 2356 religio.
873 2294 947 2341 lubet
966 2310 1023 2340 eam
1044 2293 1164 2340 cubiculo
1183 2293 1331 2348 intromitti,
1345 2309 1460 2356 ususque

343 2357 510 2404 concubitum
522 2356 586 2412 eius,
600 2355 732 2404 discedere
744 2356 824 2404 iubet.
837 2357 933 2403 Dehinc
945 2356 1046 2402 tardius
1060 2355 1092 2403 ad
1106 2372 1133 2404 sc
1146 2371 1266 2404 reversus
1282 2361 1306 2402 ct
1323 2355 1353 2402 de
1365 2371 1460 2419 perpe-

343 2425 411 2466 trato
429 2419 525 2465 scelere
545 2418 698 2474 condolens,
717 2424 822 2466 acturus
842 2419 1041 2481 poenitentiam,
1061 2418 1172 2471 diocesis
1191 2434 1253 2464 suae
1274 2419 1461 2465 monasterium

344 2481 457 2544 appetit,
469 2481 557 2543 ibique
569 2496 628 2527 cum
640 2481 739 2543 gemitu
754 2497 783 2528 ac
797 2481 912 2528 lacrimis
926 2497 992 2544 quae
1008 2480 1175 2528 commiserat
1190 2480 1305 2533 diluens,
1324 2480 1357 2527 ad
1369 2481 1462 2527 urbem
1476 2498 1505 2536 25

303 2569 310 2586 ,
343 2544 478 2606 propriam
489 2550 528 2590 est
540 2559 668 2590 reversus.
683 2543 747 2598 Qui,
759 2543 857 2606 inpleto
870 2544 938 2590 vitae
951 2559 1041 2596 cursu,
1056 2542 1179 2604 migravit
1191 2559 1206 2589 a
1219 2543 1330 2589 saeculo.
1344 2543 1409 2590 Nata
1422 2550 1462 2590 cst

344 2606 413 2652 eninr
425 2605 480 2652 filia
492 2605 584 2652 abhoc
596 2613 734 2668 conceptu,
749 2622 815 2668 quae
824 2607 851 2651 in
860 2605 984 2667 religione
995 2605 1147 2668 permansit.
1159 2605 1217 2668 lpse
1228 2620 1330 2667 qnoque
1341 2604 1461 2652 sacerdos

344 2684 404 2714 cum
425 2669 534 2730 coniuge
546 2675 572 2714 et
588 2668 643 2714 filia
660 2669 686 2714 in
705 2669 789 2730 cripta
810 2668 1017 2714 Cantabcnnensi
1036 2667 1107 2713 iuxta
1124 2683 1246 2730 aggerem
1269 2666 1404 2729 publicum
1423 2675 1462 2716 est

346 2731 472 2793 sepultus.
487 2731 515 2777 ln
528 2731 601 2778 cuius
612 2731 668 2777 loco
680 2731 799 2793 Legonus
812 2730 950 2792 episcopus
962 2729 1127 2791 subrogatur.

377 2901 415 2946 45.
433 2898 489 2953 Quo
508 2898 644 2954 defuncto,
663 2904 767 2945 sanctus
785 2897 907 2945 Hillidius
926 2898 1063 2952 successit,
1083 2898 1124 2945 vir
1143 2900 1251 2947 eximiae
1271 2899 1416 2948 sanctitatis
1433 2915 1462 2948 ac
1477 2918 1505 2955 30

346 2961 497 3024 praeclarae
510 2959 629 3015 virtutis,
644 2959 724 3024 quiin
736 2966 809 3007 tanta
822 2961 958 3007 sanctitate
969 2960 1081 3016 emicuit,
1096 2968 1126 3008 ut
1139 2964 1207 3010 lama
1218 2961 1272 3009 eius
1286 2963 1362 3010 etiam
1377 2970 1463 3010 extra-

347 3039 409 3070 neos
421 3025 430 3082 ΙΙ
442 3023 506 3069 fines
520 3021 611 3068 adiret.
623 3022 697 3069 Unde
710 3024 869 3078 factumest,
884 3029 913 3070 ut
924 3023 1090 3084 imperatoris
1103 3023 1232 3072 Treverici
1243 3025 1325 3072 filiam
1335 3025 1463 3088 expetitus

348 3086 381 3132 ab
395 3085 489 3148 spiritu
499 3084 623 3132 inmundo
634 3092 744 3141 curaret,
759 3085 828 3148 quod
840 3085 866 3132 in
879 3086 947 3132 libro
959 3085 1019 3142 illo,
1033 3102 1109 3149 quem
1124 3087 1155 3134 de
1168 3087 1222 3134 eius
1238 3087 1292 3134 vita
1304 3087 1463 3150 conscripsi-

348 3163 420 3202 mus,
435 3147 644 3194 memoravimus.
662 3146 722 3194 Fuit
733 3153 832 3204 antem,
847 3155 875 3196 ut
888 3151 956 3194 fama
969 3149 1060 3204 relcrt,
1074 3149 1150 3197 valde
1169 3165 1246 3196 senex
1260 3155 1285 3196 et
1321 3150 1395 3196 lenus
1408 3149 1464 3196 die·
1560 3203 1564 3213 ⁸

348 3227 407 3257 rum
419 3211 563 3273 plenusque
575 3209 650 3256 bonis
673 3209 810 3272 operibus;
828 3210 872 3272 qui
892 3210 960 3257 felici
981 3212 1203 3259 consummatione
1222 3212 1290 3258 vitae
1302 3166 1384 3258 buius
1403 3227 1464 3274 per·
1479 3228 1505 3265 35

351 3275 452 3319 iunctus
466 3272 609 3327 tramitem,
626 3272 749 3335 migravit
764 3273 797 3319 ad
813 3273 962 3327 Dominum,
980 3274 1149 3337 sepultusque
1165 3275 1192 3321 in
1209 3274 1293 3336 cripta
1310 3274 1462 3321 suburbano

349 3334 463 3382 civitatis
473 3334 553 3381 illius.
568 3335 665 3382 Habuit
675 3341 761 3382 autem
772 3341 797 3382 ct
809 3336 1021 3382 archidiaconum
1033 3336 1136 3382 nomine
1149 3343 1174 3383 et
1186 3336 1278 3383 merito
1291 3336 1405 3392 lustum;
1419 3336 1463 3399 qui

350 3403 375 3446 et
387 3413 490 3444 cursum
509 3396 577 3443 vitae
592 3397 667 3444 bonis
686 3413 843 3444 consumans
860 3398 997 3460 operibus,
1015 3398 1136 3460 magistri
1154 3399 1255 3446 tumulo
1272 3399 1395 3446 sociatur.
1409 3399 1464 3446 lam

334 3477 411 3513 ,vero
431 3467 490 3521 post
506 3459 646 3506 transitum
665 3459 733 3506 beati
749 3459 829 3506 lllidii
848 3459 1004 3506 contessoris
1023 3459 1055 3506 ad
1075 3460 1219 3522 gloriosum
1238 3460 1293 3507 cius
1316 3461 1464 3523 sepulcrum

349 3528 437 3570 tantae
450 3522 559 3570 virtutes
573 3528 713 3584 apparent,
727 3529 757 3568 ut
772 3539 818 3569 nec
832 3522 911 3570 scribi
923 3522 1023 3585 integre
1036 3529 1132 3585 queant
1148 3539 1194 3570 ncc
1207 3522 1332 3570 memoria
1348 3523 1463 3571 retineri.
1479 3539 1505 3576 40

351 3586 415 3632 Huic
429 3591 533 3632 sanctus
546 3584 706 3647 Nepotianus
718 3585 850 3632 successit.

382 3755 420 3799 46.
438 3752 521 3815 lgitur
532 3751 602 3815 apud
612 3753 743 3800 Arvernus
756 3753 1024 3814 sanctusNepotianus
1038 3758 1146 3817 quartus
1159 3752 1305 3800 habebatur
1317 3753 1404 3817 episco
1425 3771 1464 3802 us.

351 3816 370 3862 a
382 3814 501 3862 Treveris
514 3830 575 3862 vero
587 3815 664 3877 ligati
676 3815 702 3862 in
713 3816 838 3878 Spaniam
851 3815 1028 3871 mittebantur,
1043 3831 1073 3861 cx
1087 3814 1181 3876 quibus
1197 3815 1345 3864 Arthemius
1360 3769 1466 3879 quidam
1480 3835 1505 3874 45

351 3875 524 3924 ammirabilis
550 3877 693 3939 sapientiae
715 3885 791 3940 atquc
815 3877 1018 3940 pulchritudinis
1044 3884 1069 3924 et
1088 3877 1173 3939 prima
1196 3883 1279 3925 aetate
1303 3879 1411 3938 florens,
1440 3882 1465 3927 vi

351 3940 463 3986 febrium
475 3945 515 3986 est
526 3946 670 4002 correptus.
682 3940 898 3988 Praecedentibns
908 3957 969 3987 vero
980 3940 1051 3996 aliis,
1065 3938 1107 3986 hic
1119 3939 1189 4002 apud
1199 3941 1330 3988 Arvernus
1342 3947 1465 4004 aegrotus

351 4002 519 4066 relinquitur;
538 4018 599 4048 nam
612 4018 640 4048 eo
657 4009 774 4066 tempore
789 4003 859 4066 apud
881 4004 1009 4051 Treveros
1023 4002 1140 4066 sponsali
1153 4008 1209 4049 erat
1227 4003 1330 4050 vinculo
1342 4006 1466 4052 nexush

352 4069 441 4113 sancto
462 4071 550 4114 autem
570 4064 714 4127 Nepotiano
735 4065 856 4114 visitatus
875 4073 952 4128 atque
971 4065 1027 4114 oleo
1049 4071 1138 4114 sancto
1159 4071 1312 4127 perunctus,
1335 4065 1464 4116 tribuente

351 4127 459 4175 Domino
469 4127 587 4174 redditur
600 4127 714 4174 sarritati.
733 4127 855 4183 Quicum
868 4129 901 4175 ab
918 4127 1007 4174 eodem
1025 4135 1114 4175 sancto
1133 4127 1242 4174 verbum
1261 4128 1463 4191 praedicationis
1478 4149 1504 4187 50

383 4324 406 4369 l.
426 4324 448 4370 1.
468 4323 553 4372 Cori
576 4327 589 4370 5
