3220 5158
378 496 408 540 56
662 492 819 542 GREGORll
837 492 1044 542 TURONENSIS
1062 493 1212 542 llPlSCOPl

259 618 312 666 Fol.
326 621 362 668 24.
376 609 507 675 Alarico
535 609 653 690 mittit,
674 621 711 674 ut
734 634 808 675 eum
834 610 1005 690 redderet,
1029 608 1042 702 Η
1065 610 1212 700 alioquin
1237 623 1391 690 noveret,
1425 609 1495 675 sibi

375 712 500 779 bellum
526 713 569 777 ob
601 711 671 777 eius
698 711 920 777 retentionem
942 711 1076 778 inferre.
1098 712 1141 778 At
1163 714 1221 778 ille
1249 726 1417 794 metucns,
1447 737 1496 778 ne

374 827 512 905 propter
546 837 620 880 eum
659 814 741 884 iram
774 817 981 890 Francorum¹
1002 813 1206 896 incurreret,
1241 829 1278 881 ut
1304 817 1494 882 Gothorum
1581 807 1582 860 ἶ

373 941 493 1005 pavere
512 941 583 981 mos
602 929 671 997 est,
694 916 842 982 vinctum
862 914 980 1006 legatis
1000 917 1149 983 tradidit.
1176 921 1282 1002 Quem
1306 918 1493 986 Chlodove-

374 1021 456 1084 chus
488 1033 658 1108 receptum
690 1021 841 1090 custodie
879 1021 1068 1110 mancipare
1098 1023 1285 1111 praecepit3
1315 1047 1523 1112 regnoques
1581 1009 1582 1104 l

373 1122 444 1188 eius
464 1135 649 1211 acceptum,
661 1148 735 1188 eum
750 1122 862 1213 gladio
880 1111 964 1188 clam
979 1123 1078 1188 ferire
1090 1123 1267 1190 mandavit.
1281 1127 1328 1189 Eo
1338 1138 1493 1213 tempore

373 1224 496 1290 multae
513 1224 677 1291 ecclesiae
698 1250 715 1289 a
732 1225 968 1291 Chlodovecho
988 1228 1135 1292 exercitu
1155 1227 1375 1315 depraedatae
1397 1240 1491 1307 sunt,

374 1327 452 1417 quia
470 1340 540 1392 erat
557 1327 614 1393 ille
636 1329 745 1394 adhuc
763 1327 915 1394 fanaticis
936 1329 1105 1394 erroribus
1125 1327 1303 1394 involutus.
1327 1331 1433 1420 Igitur
1447 1329 1493 1394 de
1581 1395 1582 1400 ,

373 1431 514 1518 quadam
528 1430 649 1495 eclesia
660 1455 795 1496 urceum
807 1430 908 1496 mirae
918 1429 1157 1521 magnitudinis
1173 1455 1210 1496 ac
1228 1430 1493 1518 pulchritudinis

372 1535 487 1599 hostes
501 1534 722 1615 abstulerant,
734 1559 808 1600 cum
822 1533 948 1624 reliqua
964 1533 1182 1600 ecclesiastici
1195 1533 1379 1599 ministeria
1395 1558 1492 1599 orna·
1510 1560 1539 1598 ro

372 1647 493 1702 menta.
525 1635 711 1726 Episcopus
736 1649 845 1703 autem
868 1637 1028 1703 ecclesiae
1052 1635 1141 1702 illius
1166 1637 1285 1702 missos
1311 1637 1352 1700 ad
1377 1661 1493 1727 regem

373 1738 513 1830 diriget,
536 1763 696 1828 poscens,
726 1751 763 1804 ut
789 1739 815 1804 si
839 1739 928 1806 aliud
952 1740 993 1804 de
1019 1738 1121 1804 saeris
1139 1739 1225 1805 vasis
1247 1764 1403 1829 recepere
1421 1763 1493 1804 non
1581 1769 1582 1818 ς

348 1900 350 1912 .
374 1854 532 1923 meretur,
559 1842 668 1907 saltim
690 1842 741 1907 vel
769 1867 904 1908 urceum
934 1843 1074 1908 ccclesia
1102 1867 1159 1907 sua
1188 1854 1371 1933 receperet.
1400 1844 1493 1908 Haec
1581 1919 1582 1932 χ

254 1959 308 2008 Col.
323 1961 360 2008 79.
373 1941 512 2010 audiens
533 1970 606 2024 rex,
632 1944 645 2034 ll
671 1944 718 2010 ait
732 1945 855 2010 nuncio
878 1971 885 2010 ε
909 1947 1092 2035 «Sequere
1113 1969 1174 2011 nos
1197 1970 1302 2035 usque
1322 1947 1490 2024 Senonas,

374 2049 450 2135 quia
467 2047 514 2112 ibi
533 2059 653 2113 cuncta
671 2071 755 2136 quae
775 2046 940 2137 adquisita
960 2060 1037 2112 sunt
1058 2048 1236 2114 dividenda
1255 2061 1363 2114 erunt.
1390 2049 1492 2112 Cum·
1510 2072 1538 2110 15
1581 2059 1582 2070 ¹

374 2174 438 2239 que
456 2149 539 2216 mihi
560 2175 617 2215 vas
639 2149 722 2216 illud
745 2175 817 2216 sors
840 2148 987 2230 dederit,
1013 2175 1097 2240 quae
1123 2175 1208 2241 papa
1231 2149 1356 2240 poscit,
1383 2148 1491 2215 adim·
1581 2219 1582 2230 ,

374 2252 493 2342 pleam.
516 2279 533 2315 »
554 2253 686 2318 Dehinc
704 2252 885 2318 adveniens
903 2256 1068 2332 sexonas,
1088 2266 1244 2319 cunctum
1262 2278 1381 2318 munus
1396 2277 1491 2343 prae-

374 2357 435 2421 dae
456 2353 490 2420 in
510 2355 621 2421 medio
642 2355 807 2446 positum,
829 2357 874 2421 ait
894 2380 978 2421 rex:
1007 2382 1024 2418 «
1050 2359 1144 2448 Rogo
1170 2382 1244 2438 vos,
1270 2382 1288 2421 ο
1316 2354 1491 2422 fortissimi

375 2456 609 2546 praeliatores,
637 2470 673 2523 ut
697 2457 805 2524 saltim
828 2457 909 2524 mihi
935 2483 991 2523 vas
1019 2459 1124 2540 istud,
1150 2461 1214 2524 hoc
1243 2471 1294 2524 est
1319 2459 1360 2524 de
1389 2482 1491 2523 urceo

376 2583 475 2648 supra
509 2572 691 2624 memorato
725 2558 876 2638 dicebat,
913 2572 1004 2624 extra
1040 2573 1167 2649 partem
1203 2559 1388 2626 concedere
1422 2583 1537 2624 nonae

376 2660 541 2726 abnuatis.
560 2688 576 2723 a
599 2665 687 2726 Haec
703 2660 773 2749 regi
792 2660 935 2740 dicenti,
957 2661 1005 2726 illi
1024 2685 1163 2750 quorum
1182 2687 1275 2727 mens
1293 2660 1405 2726 sanior
1420 2674 1493 2726 erat

377 2762 469 2828 aiunt
492 2788 498 2826 :
522 2761 695 2842 «Omnia,
717 2761 883 2853 gloriosae
901 2787 977 2842 rex,
999 2787 1082 2852 quae
1106 2763 1290 2844 cernimus,
1316 2776 1371 2828 tna
1392 2775 1489 2842 sunt,

378 2864 436 2930 sed
459 2877 492 2929 et
510 2889 571 2929 nos
596 2863 660 2953 ipsi
681 2876 737 2929 tuo
756 2889 868 2929 sumus
895 2862 1044 2930 dominio
1067 2865 1245 2956 subiugati.
1276 2867 1373 2931 Nunc
1401 2865 1491 2955 quod
1581 2879 1582 2950 j

377 2966 439 3032 tibi
461 2967 548 3031 bene
576 2965 735 3055 placitum
765 2966 897 3032 videtur
924 2967 1023 3033 facito
1035 2971 1047 3047 ;'
1071 2967 1182 3034 nullus
1209 2967 1297 3033 enim
1325 2980 1491 3057 potestate

378 3083 453 3136 tuae
475 3067 630 3134 resistere
653 3069 749 3134 valet.
776 3096 792 3132 a
819 3072 900 3135 Cum
918 3071 1000 3134 haec
1018 3069 1063 3136 ita
1088 3071 1268 3151 dixissent,
1287 3095 1373 3136 unus
1389 3071 1488 3152 levis,
1504 3097 1535 3136 aa

378 3170 510 3236 invidus
535 3195 572 3235 ac
602 3169 724 3250 facilis,
756 3195 830 3237 cum
860 3196 940 3238 voce
979 3197 1098 3263 magna
1126 3173 1284 3239 elevatam
1317 3171 1492 3262 bipinnem
1581 3239 1582 3246 ,

379 3297 479 3338 urceo
495 3272 633 3360 inpulit,
651 3271 767 3338 dicens
790 3300 796 3338 :
826 3299 842 3337 a
860 3273 951 3340 Nihil
971 3273 1050 3341 hinc
1068 3275 1229 3365 accipies,
1247 3275 1312 3340 nisi
1327 3298 1412 3363 quae
1428 3274 1492 3340 tibi

381 3399 452 3439 sors
471 3378 547 3439 vera
570 3374 719 3465 largitur.
746 3401 765 3440 a
791 3375 842 3441 Ad
867 3376 949 3442 haec
972 3378 1212 3467 obstupefactis
1234 3376 1408 3457 omnibus,
1434 3401 1493 3442 rex

380 3475 534 3542 iniuriam
565 3501 656 3542 suam
688 3477 868 3567 patientiae
898 3480 1035 3547 lenitate
1062 3483 1226 3563 coercuit,
1252 3494 1492 3571 acceptumque

379 3604 515 3645 urceum
534 3579 657 3645 nuncio
676 3580 903 3648 ecclesiastico
922 3582 1085 3663 reddidit,
1106 3605 1239 3648 servans
1260 3583 1409 3650 abditum
1430 3583 1492 3648 sub
1507 3610 1534 3648 ao

380 3695 515 3772 pectore
532 3683 664 3747 vulnus.
688 3686 869 3750 Transacto
890 3710 969 3751 vero
991 3709 1096 3765 anno,
1120 3685 1235 3765 iussit,
1264 3709 1395 3750 omnem
1418 3709 1493 3750 cum
1581 3729 1582 3762 3

380 3809 546 3850 armorum
559 3798 719 3875 apparatu
737 3786 893 3852 advenire
911 3787 1093 3880 lalangam,
1110 3798 1317 3854 ostensuram
1328 3786 1364 3852 in
1375 3810 1492 3876 campo

379 3885 499 3952 Martio
527 3886 646 3951 horum
673 3911 838 3972 armorum
860 3889 1015 3956 nitorer'n.
1042 3893 1164 3958 Verum
1188 3888 1246 3954 ubi
1266 3902 1405 3955 cunctos
1427 3887 1492 3953 cir·
1581 3923 1582 3926 ¹

380 3985 470 4052 cuire
486 3987 662 4067 deliberat,
679 3987 771 4052 venit
790 3989 831 4053 ad
850 3973 943 4056 urcei
958 4014 1206 4080 percussorem,
1225 3988 1276 4054 cui
1292 3991 1338 4055 ait
1355 4017 1361 4055 :
1381 4017 1398 4053 «
1415 3990 1493 4056 Nul-

379 4087 430 4152 lus
447 4100 515 4153 tam
535 4089 694 4155 incultam
712 4103 748 4156 ut
767 4103 803 4155 tu
821 4091 942 4157 detulit
956 4107 1162 4174 arma3'nam
1185 4115 1294 4182 neque
1316 4091 1377 4157 tibi
1397 4093 1492 4158 hasta
1506 4121 1533 4160 aa

378 4213 487 4279 neque
504 4189 635 4281 gladius
653 4215 762 4281 neque
787 4193 912 4259 securis
935 4208 985 4260 est
1007 4193 1110 4269 utilis.
1134 4220 1151 4256 »
1173 4195 1214 4260 Et
1231 4194 1493 4284 adpraehensam

382 4316 531 4359 securem
549 4294 619 4359 eius
637 4305 745 4360 terrae
759 4295 892 4363 deiecit.
911 4297 954 4364 At
972 4297 1020 4363 illi
1036 4323 1110 4364 cum
1126 4298 1296 4388 paulolum
1314 4296 1493 4364 inclinatus

378 4394 496 4461 fuisset
527 4397 567 4461 ad
590 4397 840 4489 collegendum,
875 4425 950 4482 rex,
983 4399 1117 4467 elevatis
1146 4401 1317 4480 manibus,
1345 4424 1492 4466 securem
