3256 5144
453 350 618 402 HISTORIAE
636 353 837 404 FRhNCORUM
854 355 951 404 LIBER
968 355 997 402 V.
1243 361 1288 408 179

161 470 266 536 filios!
287 473 373 548 Ecce
387 469 451 535 iam
467 495 524 536 eos
543 469 699 537 lacrimae
718 496 915 560 pauperum,
936 474 1083 542 lamenta
1098 475 1284 556 viduarum,

162 572 305 662 suspiria
328 572 519 637 orfanorum
539 573 754 638 interimunt!
786 598 846 638 nec
871 599 948 663 spes
969 589 1119 644 remanet
1145 577 1198 644 cui
1226 565 1286 645 ali-

162 675 243 764 quid
261 674 508 765 congregimus.
533 673 826 756 Thesaurizamus‚
856 675 1045 742 nescientes
1070 677 1124 743 cui
1146 703 1291 771 congre-¹

161 801 277 868 gamus
292 801 339 842 ea.
363 779 449 841 Ecce
466 777 615 858 thesauri
637 790 812 842 remanent
828 801 846 840 a
863 779 1179 870 possessorivacui‚
1199 784 1287 870 rapi·
1325 869 1328 874 Ι

130 879 212 944 snis
236 903 273 944 ac
295 877 590 944 maledictionibus
621 878 731 966 pleni!
762 879 932 967 Numquid
950 904 1017 946 non
1044 883 1258 948 exundabant
1276 883 1289 972 ll

160 979 391 1070 promptuaria
413 980 511 1045 vino?
534 979 704 1068 Numquid
733 1005 799 1044 uon
823 982 963 1046 horreae
985 971 1354 1070 replebantur'lru-Col.
1369 996 1421 1043 att.

161 1075 295 1148 mento?
314 1081 483 1171 Numquid
504 1107 572 1146 non
593 1081 858 1146 erantthesauri
877 1083 992 1148 referti
1013 1108 1106 1164 auro,
1128 1099 1286 1174 argento,

160 1184 329 1273 lapidibus
340 1181 531 1273 praetiosis,
544 1183 726 1249 monilibus
737 1184 788 1248 vel
798 1183 937 1273 reliquis
951 1185 1181 1274 imperialibus
1193 1213 1287 1256 orua-

161 1287 302 1352 mentis?
312 1289 397 1351 Ecce
409 1285 499 1375 quod
514 1285 688 1374 pulchrius
703 1285 909 1351 habebamus
925 1288 1106 1374 perdemus
1117 1289 1123 1353 l
1136 1291 1245 1371 Nunc,
1260 1291 1287 1357 si

118 1414 146 1452 xo
159 1387 286 1478 placet,
313 1387 443 1466 veniet;
470 1385 689 1450 incendamus
725 1410 840 1451 omnes
866 1387 1106 1453 discribtiones
1135 1389 1285 1480 iniquas,

161 1489 368 1577 sufficiatque
389 1489 470 1585 lisso
487 1500 601 1552 nostro
614 1539 621 1567 ‚
636 1488 725 1576 quod
742 1487 864 1553 sufficit
880 1489 966 1577 patri
978 1490 1117 1580 regique
1130 1492 1287 1558 Chlotha·

160 1593 220 1658 rio.
248 1620 265 1656 »
285 1595 374 1656 Haec
396 1591 492 1656 effata
516 1589 647 1680 regina,
672 1589 795 1679 pugnis
821 1592 1002 1676 verberans
1030 1605 1165 1680 pectus,
1190 1594 1287 1661 iussit

159 1695 264 1761 libros
285 1691 538 1781 exhibere‚.qui
562 1691 604 1756 dc
625 1691 815 1756 civitatibus
844 1693 912 1757 suis
939 1718 1000 1781 per
1024 1697 1172 1761 Marcum
1189 1721 1286 1762 vene·

159 1811 250 1877 rant3
279 1795 516 1885 proiectusque
541 1793 575 1858 in
597 1793 696 1884 igne,
727 1793 849 1878 iterum
879 1795 921 1858 ad
950 1820 1062 1886 regem
1094 1820 1283 1864 conversa:

120 1925 145 1963 rs
161 1927 177 1961 «
195 1898 284 1982 Quid
301 1910 350 1976 tu,
367 1895 503 1986 inquid,
526 1895 690 1976 moraris?
711 1899 736 1965 F
740 1920 777 1960 ac
795 1896 889 1985 quod
901 1895 995 1962 vides
1011 1921 1029 1961 a
1054 1923 1107 1963 me
1123 1897 1210 1980 fieri,
1237 1914 1284 1980 ut,

159 1995 233 2065 etsi
250 1999 365 2064 dulces
386 2011 481 2062 natos
497 1995 686 2087 perdimus,
714 1997 767 2061 vel
785 2020 927 2084 poenam
945 2012 1144 2087 perpetuam
1166 2001 1285 2066 evada-

160 2125 243 2166 mus.
269 2128 286 2163 r>
312 2104 406 2166 Tunc
428 2124 486 2164 rex
506 2111 716 2187 conpunctus
738 2099 855 2179 eorde,
880 2099 1019 2166 tradidit
1042 2126 1158 2166 omnes
1180 2102 1285 2170 libros

159 2203 416 2270 discribtionum
448 2201 536 2292 igni3
579 2201 886 2292 conflagratosque‚
933 2203 1025 2267 misit
1065 2206 1123 2294 qui
1158 2206 1285 2271 futuras

159 2306 378 2396 perhiberent
415 2303 666 2372 discribtiones.
701 2307 783 2369 Post
815 2305 897 2369 haec
935 2304 1120 2371 infantulus
1159 2306 1282 2387 iunior,

118 2407 237 2472 eodum
254 2406 357 2473 nimio
377 2408 492 2472 labore
510 2405 664 2484 tabescit,
685 2404 911 2495 extinguetur.
926 2409 1033 2489 Quem
1050 2432 1125 2472 cum
1142 2410 1283 2474 maximo

159 2535 308 2577 maerore
325 2510 532 2576 deducentes
552 2532 568 2572 a
586 2507 663 2572 villa
682 2506 850 2573 Brinnaco
868 2507 1031 2589 parisius,
1051 2510 1092 2574 ad
1111 2509 1282 2574 basilicam

153 2613 265 2700 ¹sancti
286 2612 417 2688 Diouisi
449 2611 591 2700 sepelire
616 2610 867 2676 mandaverunt.
888 2611 901 2701 {l
918 2611 1184 2677 Chlodobertum
1202 2638 1281 2679 vero
1293 2637 1346 2683 Fol.
1362 2637 1438 2686 νιν.

160 2727 389 2804 conponentes
418 2711 453 2778 in
484 2713 624 2792 feretro,
659 2711 858 2779 Suessionas
892 2712 932 2778 ad
969 2712 1141 2778 basilicam
1175 2716 1282 2780 sancti

159 2815 310 2882 Medardi
333 2815 519 2902 duxerunt3
543 2813 814 2904 proicientesque
840 2814 977 2878 eumad
1000 2816 1283 2904 sanctum'sepul·

118 2945 145 2983 as
161 2920 293 2997 chrum,
310 2929 472 2996 voverunt
494 2928 569 2980 vota
596 2940 657 3005 pro
678 2939 717 2980 eo
735 2916 776 2980 ad
797 2927 949 2980 sanctum
969 2915 1201 3004 sepulchrum3
1224 2916 1284 2981 sed

161 3021 270 3106 media
288 3032 387 3086 nocte
408 3019 548 3084 anhelus
564 3018 628 3082 iam
648 3031 681 3082 et
700 3017 810 3082 tenuis
834 3016 989 3106 spiritum
1003 3018 1153 3084 exalavit.
1177 3021 1283 3103 Quem

160 3123 194 3188 in
210 3121 349 3188 basilica
367 3134 558 3187 sanctorum
576 3119 723 3209 Crispini
750 3133 849 3210 atque
877 3119 1082 3210 Crispiniaui
1104 3134 1284 3210 martyrum

161 3225 375 3315 sepelierunt.
400 3226 541 3314 Magnus
558 3247 690 3311 quoque
708 3221 763 3286 hic
784 3222 939 3309 planctus
952 3222 1042 3286 omni
1061 3223 1187 3310 populo
1204 3223 1282 3301 suit3

161 3351 235 3393 narn
255 3326 317 3392 viri
332 3326 486 3416 lugentes
508 3325 732 3412 mulieresque
747 3322 944 3388 lucubribus
961 3323 1170 3390 vestimentis
1185 3325 1284 3390 indu-

119 3456 145 3493 ao
160 3443 225 3510 tae,
240 3441 277 3494 ut
293 3429 378 3493 solet
393 3429 428 3492 in
442 3429 622 3517 coniugum
641 3425 807 3514 exsequiis
827 3425 919 3506 fieri,
942 3425 988 3489 ita
1009 3427 1074 3491 hoc
1094 3427 1192 3492 funus
1209 3440 1287 3492 sunt

160 3541 368 3620 prosecutae.
390 3529 494 3594 Multa
511 3540 628 3616 postea
646 3526 857 3615 Chilpericus
878 3551 936 3592 rex
953 3527 1086 3592 eclesiis
1107 3526 1174 3592 sive
1196 3527 1286 3593 basi-

161 3631 236 3697 licis
251 3630 303 3696 vel
318 3629 529 3719 pauperibus
543 3641 595 3693 est
611 3627 764 3718 largitus.

205 3864 325 3932 XXVII
346 3861 421 3950 (35).
444 3861 502 3926 His
520 3861 639 3926 diebus
657 3861 903 3926 Austrechildis
927 3863 1173 3928 Guntchramni
1195 3863 1289 3953 prin-

162 3964 246 4054 cipis
266 3965 382 4054 regina
406 3966 532 4029 abhoc
558 3966 675 4029 morbo
699 3977 898 4053 consumpta
916 3977 984 4046 est3
1008 3967 1067 4030 sed
1094 3965 1290 4055 priusquam

121 4090 305 4155 sanequam
349 4064 503 4154 spiritum
537 4066 699 4146 exalaret,
731 4091 874 4132 cernens
913 4067 1004 4155 quod
1042 4068 1182 4132 evadere
1223 4093 1290 4132 nou

167 4169 292 4255 possit,
315 4169 379 4231 alta
397 4169 533 4232 trahens
558 4168 716 4256 suspiria,
739 4168 844 4232 voluit
867 4168 946 4233 lecti
973 4170 1023 4232 sui
1043 4170 1168 4233 habere
1187 4168 1291 4258 parti-
