<?xml version="1.0" encoding="UTF-8"?>
<!DOCTYPE html PUBLIC "-//W3C//DTD XHTML 1.0 Transitional//EN"
    "http://www.w3.org/TR/xhtml1/DTD/xhtml1-transitional.dtd">
<html xmlns="http://www.w3.org/1999/xhtml" xml:lang="en" lang="en">
 <head>
  <title>
</title>
<meta http-equiv="Content-Type" content="text/html;charset=utf-8" />
  <meta name='ocr-system' content='tesseract 3.04.00' />
  <meta name='ocr-capabilities' content='ocr_page ocr_carea ocr_par ocr_line ocrx_word'/>
</head>
<body>
  <div class='ocr_page' id='page_1' title='image "./grgoiredetoursh00greggoog_0248.png"; bbox 0 0 3256 5144; ppageno 0'>
   <div class='ocr_carea' id='block_1_1' title="bbox 344 485 1185 544">
    <p class='ocr_par' dir='ltr' id='par_1_1' title="bbox 344 485 1185 544">
     <span class='ocr_line' id='line_1_1' title="bbox 344 485 1185 544; baseline 0.01 -8"><span class='ocrx_word' id='word_1_1' title='bbox 344 491 390 537; x_wconf 82' lang='lat'>186</span> <span class='ocrx_word' id='word_1_2' title='bbox 629 493 788 544; x_wconf 79' lang='lat' dir='ltr'>GREGORII</span> <span class='ocrx_word' id='word_1_3' title='bbox 806 493 1016 543; x_wconf 86' lang='lat' dir='ltr'>TURONENSIS</span> <span class='ocrx_word' id='word_1_4' title='bbox 1032 485 1185 544; x_wconf 83' lang='lat' dir='ltr'>EPISCOPI</span> 
     </span>
    </p>
   </div>
   <div class='ocr_carea' id='block_1_2' title="bbox 223 607 1614 4172">
    <p class='ocr_par' dir='ltr' id='par_1_2' title="bbox 341 607 1469 1003">
     <span class='ocr_line' id='line_1_2' title="bbox 342 607 1469 692; baseline 0.01 -22"><span class='ocrx_word' id='word_1_5' title='bbox 342 607 510 673; x_wconf 86' lang='lat' dir='ltr'>fateretur.</span> <span class='ocrx_word' id='word_1_6' title='bbox 537 609 601 692; x_wconf 88' lang='lat' dir='ltr'>Qui</span> <span class='ocrx_word' id='word_1_7' title='bbox 627 609 703 675; x_wconf 85' lang='lat' dir='ltr'>ait:</span> <span class='ocrx_word' id='word_1_8' title='bbox 734 637 751 674; x_wconf 85' lang='lat' dir='ltr'>u</span> <span class='ocrx_word' id='word_1_9' title='bbox 778 610 888 676; x_wconf 89' lang='lat' dir='ltr'>Credo</span> <span class='ocrx_word' id='word_1_10' title='bbox 913 612 994 674; x_wconf 92' lang='lat' dir='ltr'>haec</span> <span class='ocrx_word' id='word_1_11' title='bbox 1019 611 1132 677; x_wconf 89' lang='lat' dir='ltr'>omnia</span> <span class='ocrx_word' id='word_1_12' title='bbox 1156 609 1261 676; x_wconf 88' lang='lat' dir='ltr'>filium</span> <span class='ocrx_word' id='word_1_13' title='bbox 1286 611 1360 678; x_wconf 88' lang='lat' dir='ltr'>Dei.</span> <span class='ocrx_word' id='word_1_14' title='bbox 1385 640 1401 676; x_wconf 81' lang='lat' dir='ltr'>a</span> <span class='ocrx_word' id='word_1_15' title='bbox 1427 617 1469 681; x_wconf 88' lang='lat' dir='ltr'>Et</span> 
     </span>
     <span class='ocr_line' id='line_1_3' title="bbox 342 709 1468 804; baseline 0.009 -32"><span class='ocrx_word' id='word_1_16' title='bbox 342 733 404 800; x_wconf 89' lang='lat' dir='ltr'>ego</span> <span class='ocrx_word' id='word_1_17' title='bbox 423 736 430 774; x_wconf 92' lang='lat'>:</span> <span class='ocrx_word' id='word_1_18' title='bbox 454 736 471 774; x_wconf 75' lang='lat' dir='ltr'>&lt;r</span> <span class='ocrx_word' id='word_1_19' title='bbox 488 709 550 776; x_wconf 91' lang='lat' dir='ltr'>Dic</span> <span class='ocrx_word' id='word_1_20' title='bbox 564 736 644 800; x_wconf 87' lang='lat' dir='ltr'>ergo</span> <span class='ocrx_word' id='word_1_21' title='bbox 660 713 754 793; x_wconf 90' lang='lat' dir='ltr'>mihi,</span> <span class='ocrx_word' id='word_1_22' title='bbox 773 713 908 801; x_wconf 91' lang='lat' dir='ltr'>quando</span> <span class='ocrx_word' id='word_1_23' title='bbox 922 715 1021 776; x_wconf 90' lang='lat' dir='ltr'>Pater</span> <span class='ocrx_word' id='word_1_24' title='bbox 1041 711 1113 778; x_wconf 87' lang='lat' dir='ltr'>sine</span> <span class='ocrx_word' id='word_1_25' title='bbox 1132 713 1314 802; x_wconf 82' lang='lat' dir='ltr'>sapientia,</span> <span class='ocrx_word' id='word_1_26' title='bbox 1332 715 1468 804; x_wconf 89' lang='lat' dir='ltr'>quando</span> 
     </span>
     <span class='ocr_line' id='line_1_4' title="bbox 342 811 1465 904; baseline 0.007 -29"><span class='ocrx_word' id='word_1_27' title='bbox 342 811 413 877; x_wconf 91' lang='lat' dir='ltr'>sine</span> <span class='ocrx_word' id='word_1_28' title='bbox 437 812 581 896; x_wconf 91' lang='lat' dir='ltr'>lumine,</span> <span class='ocrx_word' id='word_1_29' title='bbox 607 816 742 904; x_wconf 88' lang='lat' dir='ltr'>quando</span> <span class='ocrx_word' id='word_1_30' title='bbox 767 814 840 879; x_wconf 89' lang='lat' dir='ltr'>sine</span> <span class='ocrx_word' id='word_1_31' title='bbox 866 814 983 894; x_wconf 90' lang='lat' dir='ltr'>vitam,</span> <span class='ocrx_word' id='word_1_32' title='bbox 1013 815 1148 902; x_wconf 90' lang='lat' dir='ltr'>quando</span> <span class='ocrx_word' id='word_1_33' title='bbox 1177 814 1249 882; x_wconf 90' lang='lat' dir='ltr'>siue</span> <span class='ocrx_word' id='word_1_34' title='bbox 1272 814 1465 896; x_wconf 83' lang='lat' dir='ltr'>veritatem,</span> 
     </span>
     <span class='ocr_line' id='line_1_5' title="bbox 341 915 1468 1003; baseline 0.006 -24"><span class='ocrx_word' id='word_1_35' title='bbox 341 915 476 1003; x_wconf 89' lang='lat' dir='ltr'>quando</span> <span class='ocrx_word' id='word_1_36' title='bbox 494 917 566 982; x_wconf 88' lang='lat' dir='ltr'>sine</span> <span class='ocrx_word' id='word_1_37' title='bbox 585 917 712 984; x_wconf 89' lang='lat' dir='ltr'>iustitia</span> <span class='ocrx_word' id='word_1_38' title='bbox 733 916 844 983; x_wconf 88' lang='lat' dir='ltr'>fuerit.</span> <span class='ocrx_word' id='word_1_39' title='bbox 868 916 964 982; x_wconf 89' lang='lat' dir='ltr'>Sicut</span> <span class='ocrx_word' id='word_1_40' title='bbox 985 916 1074 982; x_wconf 92' lang='lat' dir='ltr'>enim</span> <span class='ocrx_word' id='word_1_41' title='bbox 1094 921 1193 984; x_wconf 90' lang='lat' dir='ltr'>Pater</span> <span class='ocrx_word' id='word_1_42' title='bbox 1211 919 1283 984; x_wconf 89' lang='lat' dir='ltr'>sine</span> <span class='ocrx_word' id='word_1_43' title='bbox 1300 919 1374 986; x_wconf 89' lang='lat' dir='ltr'>istis</span> <span class='ocrx_word' id='word_1_44' title='bbox 1394 943 1468 986; x_wconf 88' lang='lat' dir='ltr'>esse</span> 
     </span>
    </p>

    <p class='ocr_par' dir='ltr' id='par_1_3' title="bbox 223 1018 1614 4172">
     <span class='ocr_line' id='line_1_6' title="bbox 223 1018 1499 1112; baseline 0.001 -28"><span class='ocrx_word' id='word_1_45' title='bbox 223 1034 277 1084; x_wconf 75' lang='lat' dir='ltr'>Fal.</span> <span class='ocrx_word' id='word_1_46' title='bbox 291 1035 328 1081; x_wconf 91' lang='lat'>77.</span> <span class='ocrx_word' id='word_1_47' title='bbox 341 1040 409 1082; x_wconf 89' lang='lat' dir='ltr'>non</span> <span class='ocrx_word' id='word_1_48' title='bbox 429 1021 550 1106; x_wconf 89' lang='lat' dir='ltr'>potuit,</span> <span class='ocrx_word' id='word_1_49' title='bbox 571 1020 667 1085; x_wconf 89' lang='lat' dir='ltr'>itaet</span> <span class='ocrx_word' id='word_1_50' title='bbox 684 1022 756 1086; x_wconf 89' lang='lat' dir='ltr'>sine</span> <span class='ocrx_word' id='word_1_51' title='bbox 771 1018 857 1086; x_wconf 88' lang='lat' dir='ltr'>Filio</span> <span class='ocrx_word' id='word_1_52' title='bbox 878 1043 951 1084; x_wconf 86' lang='lat' dir='ltr'>esse</span> <span class='ocrx_word' id='word_1_53' title='bbox 966 1043 1035 1084; x_wconf 89' lang='lat' dir='ltr'>non</span> <span class='ocrx_word' id='word_1_54' title='bbox 1046 1019 1167 1108; x_wconf 88' lang='lat' dir='ltr'>potuit.</span> <span class='ocrx_word' id='word_1_55' title='bbox 1184 1021 1197 1112; x_wconf 72' lang='lat' dir='ltr'>{l</span> <span class='ocrx_word' id='word_1_56' title='bbox 1212 1025 1305 1106; x_wconf 84' lang='lat' dir='ltr'>Quae</span> <span class='ocrx_word' id='word_1_57' title='bbox 1324 1022 1466 1088; x_wconf 87' lang='lat' dir='ltr'>maxime</span> <span class='ocrx_word' id='word_1_58' title='bbox 1486 1049 1499 1085; x_wconf 80' lang='lat' dir='ltr'>a</span> 
     </span>
     <span class='ocr_line' id='line_1_7' title="bbox 341 1120 1470 1210; baseline 0.004 -26"><span class='ocrx_word' id='word_1_59' title='bbox 341 1120 383 1184; x_wconf 88' lang='lat' dir='ltr'>ad</span> <span class='ocrx_word' id='word_1_60' title='bbox 400 1121 561 1188; x_wconf 90' lang='lat' dir='ltr'>dominici</span> <span class='ocrx_word' id='word_1_61' title='bbox 588 1123 733 1188; x_wconf 90' lang='lat' dir='ltr'>nominis</span> <span class='ocrx_word' id='word_1_62' title='bbox 753 1121 939 1188; x_wconf 74' lang='lat' dir='ltr'><strong>misterium</strong></span> <span class='ocrx_word' id='word_1_63' title='bbox 959 1134 1169 1210; x_wconf 78' lang='lat' dir='ltr'><strong>coaptantur.</strong></span> <span class='ocrx_word' id='word_1_64' title='bbox 1195 1123 1262 1190; x_wconf 87' lang='lat' dir='ltr'>Sed</span> <span class='ocrx_word' id='word_1_65' title='bbox 1282 1147 1344 1190; x_wconf 86' lang='lat' dir='ltr'>nec</span> <span class='ocrx_word' id='word_1_66' title='bbox 1369 1128 1470 1191; x_wconf 89' lang='lat' dir='ltr'>Pater</span> 
     </span>
     <span class='ocr_line' id='line_1_8' title="bbox 342 1223 1470 1313; baseline 0.004 -27"><span class='ocrx_word' id='word_1_67' title='bbox 342 1235 431 1288; x_wconf 86' lang='lat' dir='ltr'>esset</span> <span class='ocrx_word' id='word_1_68' title='bbox 449 1223 575 1313; x_wconf 89' lang='lat' dir='ltr'>utique,</span> <span class='ocrx_word' id='word_1_69' title='bbox 594 1224 620 1289; x_wconf 92' lang='lat' dir='ltr'>si</span> <span class='ocrx_word' id='word_1_70' title='bbox 635 1225 739 1290; x_wconf 87' lang='lat' dir='ltr'>filium</span> <span class='ocrx_word' id='word_1_71' title='bbox 754 1245 821 1290; x_wconf 90' lang='lat' dir='ltr'>non</span> <span class='ocrx_word' id='word_1_72' title='bbox 839 1226 989 1289; x_wconf 88' lang='lat' dir='ltr'>haberet.</span> <span class='ocrx_word' id='word_1_73' title='bbox 1006 1223 1104 1308; x_wconf 85' lang='lat' dir='ltr'>Quod</span> <span class='ocrx_word' id='word_1_74' title='bbox 1120 1235 1230 1288; x_wconf 88' lang='lat' dir='ltr'>autem</span> <span class='ocrx_word' id='word_1_75' title='bbox 1249 1248 1324 1290; x_wconf 90' lang='lat' dir='ltr'>eum</span> <span class='ocrx_word' id='word_1_76' title='bbox 1343 1225 1470 1292; x_wconf 80' lang='lat' dir='ltr'>dixisse</span> 
     </span>
     <span class='ocr_line' id='line_1_9' title="bbox 341 1325 1469 1415; baseline 0.003 -25"><span class='ocrx_word' id='word_1_77' title='bbox 341 1325 419 1390; x_wconf 86' lang='lat' dir='ltr'>ais:</span> <span class='ocrx_word' id='word_1_78' title='bbox 446 1328 548 1390; x_wconf 85' lang='lat' dir='ltr'>Pater</span> <span class='ocrx_word' id='word_1_79' title='bbox 578 1332 686 1391; x_wconf 80' lang='lat' dir='ltr'>maior</span> <span class='ocrx_word' id='word_1_80' title='bbox 707 1349 757 1390; x_wconf 91' lang='lat' dir='ltr'>me</span> <span class='ocrx_word' id='word_1_81' title='bbox 786 1341 852 1407; x_wconf 87' lang='lat' dir='ltr'>est,</span> <span class='ocrx_word' id='word_1_82' title='bbox 880 1325 986 1404; x_wconf 89' lang='lat' dir='ltr'>scias,</span> <span class='ocrx_word' id='word_1_83' title='bbox 1013 1349 1088 1390; x_wconf 90' lang='lat' dir='ltr'>eum</span> <span class='ocrx_word' id='word_1_84' title='bbox 1112 1327 1176 1392; x_wconf 91' lang='lat' dir='ltr'>hoc</span> <span class='ocrx_word' id='word_1_85' title='bbox 1201 1350 1241 1391; x_wconf 85' lang='lat' dir='ltr'>ex</span> <span class='ocrx_word' id='word_1_86' title='bbox 1272 1327 1469 1415; x_wconf 74' lang='lat' dir='ltr'><strong>adsumptae</strong></span> 
     </span>
     <span class='ocr_line' id='line_1_10' title="bbox 340 1428 1467 1518; baseline 0.003 -26"><span class='ocrx_word' id='word_1_87' title='bbox 340 1429 450 1492; x_wconf 90' lang='lat' dir='ltr'>carnis</span> <span class='ocrx_word' id='word_1_88' title='bbox 484 1428 670 1494; x_wconf 89' lang='lat' dir='ltr'>humilitate</span> <span class='ocrx_word' id='word_1_89' title='bbox 709 1428 851 1508; x_wconf 84' lang='lat' dir='ltr'>dixisse,</span> <span class='ocrx_word' id='word_1_90' title='bbox 878 1439 913 1492; x_wconf 91' lang='lat' dir='ltr'>ut</span> <span class='ocrx_word' id='word_1_91' title='bbox 947 1450 1152 1518; x_wconf 88' lang='lat' dir='ltr'>cognoscas,</span> <span class='ocrx_word' id='word_1_92' title='bbox 1186 1451 1255 1492; x_wconf 89' lang='lat' dir='ltr'>nou</span> <span class='ocrx_word' id='word_1_93' title='bbox 1282 1442 1467 1516; x_wconf 77' lang='lat' dir='ltr'>potestate,</span> 
     </span>
     <span class='ocr_line' id='line_1_11' title="bbox 341 1523 1614 1619; baseline -0.003 -23"><span class='ocrx_word' id='word_1_94' title='bbox 341 1531 400 1596; x_wconf 88' lang='lat' dir='ltr'>sed</span> <span class='ocrx_word' id='word_1_95' title='bbox 418 1528 605 1596; x_wconf 87' lang='lat' dir='ltr'>humilitate</span> <span class='ocrx_word' id='word_1_96' title='bbox 621 1530 723 1595; x_wconf 87' lang='lat' dir='ltr'>fuisse</span> <span class='ocrx_word' id='word_1_97' title='bbox 739 1530 961 1618; x_wconf 89' lang='lat' dir='ltr'>redemptum.</span> <span class='ocrx_word' id='word_1_98' title='bbox 985 1531 1068 1596; x_wconf 89' lang='lat' dir='ltr'>Nam</span> <span class='ocrx_word' id='word_1_99' title='bbox 1090 1542 1127 1595; x_wconf 93' lang='lat' dir='ltr'>tu</span> <span class='ocrx_word' id='word_1_100' title='bbox 1146 1531 1204 1619; x_wconf 91' lang='lat' dir='ltr'>qui</span> <span class='ocrx_word' id='word_1_101' title='bbox 1224 1529 1309 1595; x_wconf 85' lang='lat' dir='ltr'>dicis</span> <span class='ocrx_word' id='word_1_102' title='bbox 1331 1557 1337 1594; x_wconf 95' lang='lat'><strong>:</strong></span> <span class='ocrx_word' id='word_1_103' title='bbox 1364 1533 1513 1597; x_wconf 77' lang='lat' dir='ltr'>Pateria</span> <span class='ocrx_word' id='word_1_104' title='bbox 1613 1523 1614 1592; x_wconf 72' lang='lat' dir='ltr'>s</span> 
     </span>
     <span class='ocr_line' id='line_1_12' title="bbox 340 1621 1614 1722; baseline 0 -24"><span class='ocrx_word' id='word_1_105' title='bbox 340 1639 448 1698; x_wconf 86' lang='lat' dir='ltr'>maior</span> <span class='ocrx_word' id='word_1_106' title='bbox 464 1657 515 1696; x_wconf 85' lang='lat' dir='ltr'>me</span> <span class='ocrx_word' id='word_1_107' title='bbox 529 1647 595 1715; x_wconf 85' lang='lat' dir='ltr'>est,</span> <span class='ocrx_word' id='word_1_108' title='bbox 618 1645 752 1722; x_wconf 81' lang='lat' dir='ltr'>oportet</span> <span class='ocrx_word' id='word_1_109' title='bbox 768 1645 800 1697; x_wconf 90' lang='lat' dir='ltr'>te</span> <span class='ocrx_word' id='word_1_110' title='bbox 821 1633 1020 1711; x_wconf 83' lang='lat' dir='ltr'>meminere,</span> <span class='ocrx_word' id='word_1_111' title='bbox 1041 1632 1131 1721; x_wconf 92' lang='lat' dir='ltr'>quod</span> <span class='ocrx_word' id='word_1_112' title='bbox 1154 1631 1233 1697; x_wconf 89' lang='lat' dir='ltr'>alibi</span> <span class='ocrx_word' id='word_1_113' title='bbox 1257 1633 1326 1696; x_wconf 91' lang='lat' dir='ltr'>ait:</span> <span class='ocrx_word' id='word_1_114' title='bbox 1349 1636 1421 1722; x_wconf 82' lang='lat' dir='ltr'>Ego</span> <span class='ocrx_word' id='word_1_115' title='bbox 1439 1651 1471 1698; x_wconf 89' lang='lat' dir='ltr'>et</span> <span class='ocrx_word' id='word_1_116' title='bbox 1613 1621 1614 1640; x_wconf 46' lang='lat'>¹</span> 
     </span>
     <span class='ocr_line' id='line_1_13' title="bbox 339 1733 1470 1825; baseline 0 -23"><span class='ocrx_word' id='word_1_117' title='bbox 339 1739 443 1802; x_wconf 89' lang='lat' dir='ltr'>Pater</span> <span class='ocrx_word' id='word_1_118' title='bbox 455 1760 558 1825; x_wconf 16' lang='lat' dir='ltr'>&#39;antam</span> <span class='ocrx_word' id='word_1_119' title='bbox 576 1759 691 1800; x_wconf 84' lang='lat' dir='ltr'>samus</span> <span class='ocrx_word' id='word_1_120' title='bbox 707 1736 729 1800; x_wconf 88' lang='lat'>¹.</span> <span class='ocrx_word' id='word_1_121' title='bbox 756 1737 839 1801; x_wconf 89' lang='lat' dir='ltr'>Nam</span> <span class='ocrx_word' id='word_1_122' title='bbox 861 1746 895 1799; x_wconf 89' lang='lat' dir='ltr'>et</span> <span class='ocrx_word' id='word_1_123' title='bbox 914 1733 1031 1798; x_wconf 90' lang='lat' dir='ltr'>mortis</span> <span class='ocrx_word' id='word_1_124' title='bbox 1048 1733 1150 1799; x_wconf 90' lang='lat' dir='ltr'>timor</span> <span class='ocrx_word' id='word_1_125' title='bbox 1169 1747 1203 1799; x_wconf 91' lang='lat' dir='ltr'>et</span> <span class='ocrx_word' id='word_1_126' title='bbox 1221 1736 1470 1802; x_wconf 89' lang='lat' dir='ltr'>commendatio</span> 
     </span>
     <span class='ocr_line' id='line_1_14' title="bbox 341 1835 1471 1927; baseline 0.002 -24"><span class='ocrx_word' id='word_1_127' title='bbox 341 1835 479 1927; x_wconf 85' lang='lat' dir='ltr'>spiritus</span> <span class='ocrx_word' id='word_1_128' title='bbox 504 1837 545 1903; x_wconf 91' lang='lat' dir='ltr'>ad</span> <span class='ocrx_word' id='word_1_129' title='bbox 571 1835 800 1904; x_wconf 87' lang='lat' dir='ltr'>infirmitatem</span> <span class='ocrx_word' id='word_1_130' title='bbox 824 1835 976 1925; x_wconf 90' lang='lat' dir='ltr'>corporis</span> <span class='ocrx_word' id='word_1_131' title='bbox 1002 1849 1054 1902; x_wconf 89' lang='lat' dir='ltr'>est</span> <span class='ocrx_word' id='word_1_132' title='bbox 1074 1837 1265 1920; x_wconf 87' lang='lat' dir='ltr'>referenda,</span> <span class='ocrx_word' id='word_1_133' title='bbox 1297 1850 1349 1919; x_wconf 92' lang='lat' dir='ltr'>ut,</span> <span class='ocrx_word' id='word_1_134' title='bbox 1382 1839 1471 1905; x_wconf 89' lang='lat' dir='ltr'>sicut</span> 
     </span>
     <span class='ocr_line' id='line_1_15' title="bbox 340 1939 1470 2021; baseline 0.002 -17"><span class='ocrx_word' id='word_1_135' title='bbox 340 1963 437 2005; x_wconf 83' lang='lat' dir='ltr'>verus</span> <span class='ocrx_word' id='word_1_136' title='bbox 455 1943 558 2021; x_wconf 88' lang='lat' dir='ltr'>Deos,</span> <span class='ocrx_word' id='word_1_137' title='bbox 578 1942 625 2006; x_wconf 91' lang='lat' dir='ltr'>ita</span> <span class='ocrx_word' id='word_1_138' title='bbox 645 1951 678 2006; x_wconf 93' lang='lat' dir='ltr'>et</span> <span class='ocrx_word' id='word_1_139' title='bbox 695 1963 793 2005; x_wconf 88' lang='lat' dir='ltr'>verus</span> <span class='ocrx_word' id='word_1_140' title='bbox 811 1941 912 2004; x_wconf 91' lang='lat' dir='ltr'>homo</span> <span class='ocrx_word' id='word_1_141' title='bbox 931 1939 1097 2004; x_wconf 85' lang='lat' dir='ltr'>credatur.</span> <span class='ocrx_word' id='word_1_142' title='bbox 1123 1965 1139 2002; x_wconf 83' lang='lat' dir='ltr'>a</span> <span class='ocrx_word' id='word_1_143' title='bbox 1162 1943 1204 2004; x_wconf 89' lang='lat' dir='ltr'>Et</span> <span class='ocrx_word' id='word_1_144' title='bbox 1225 1939 1282 2005; x_wconf 92' lang='lat' dir='ltr'>ille</span> <span class='ocrx_word' id='word_1_145' title='bbox 1303 1966 1309 2004; x_wconf 76' lang='grc' dir='ltr'>ε</span> <span class='ocrx_word' id='word_1_146' title='bbox 1330 1941 1470 2006; x_wconf 88' lang='lat' dir='ltr'>«Cuius</span> 
     </span>
     <span class='ocr_line' id='line_1_16' title="bbox 342 2039 1512 2131; baseline 0 -25"><span class='ocrx_word' id='word_1_147' title='bbox 342 2040 417 2130; x_wconf 86' lang='lat' dir='ltr'>quis</span> <span class='ocrx_word' id='word_1_148' title='bbox 443 2041 561 2131; x_wconf 87' lang='lat' dir='ltr'>implet</span> <span class='ocrx_word' id='word_1_149' title='bbox 586 2041 809 2121; x_wconf 89' lang='lat' dir='ltr'>voluntatem,</span> <span class='ocrx_word' id='word_1_150' title='bbox 833 2040 905 2106; x_wconf 88' lang='lat' dir='ltr'>eius</span> <span class='ocrx_word' id='word_1_151' title='bbox 930 2052 964 2106; x_wconf 87' lang='lat' dir='ltr'>et</span> <span class='ocrx_word' id='word_1_152' title='bbox 986 2039 1098 2107; x_wconf 89' lang='lat' dir='ltr'>iunior</span> <span class='ocrx_word' id='word_1_153' title='bbox 1124 2054 1191 2121; x_wconf 89' lang='lat' dir='ltr'>est;</span> <span class='ocrx_word' id='word_1_154' title='bbox 1221 2066 1354 2130; x_wconf 86' lang='lat' dir='ltr'>semper</span> <span class='ocrx_word' id='word_1_155' title='bbox 1379 2041 1469 2108; x_wconf 90' lang='lat' dir='ltr'>filius</span> <span class='ocrx_word' id='word_1_156' title='bbox 1486 2069 1512 2107; x_wconf 68' lang='grc' dir='ltr'>ιτ)</span> 
     </span>
     <span class='ocr_line' id='line_1_17' title="bbox 343 2142 1470 2234; baseline 0 -26"><span class='ocrx_word' id='word_1_157' title='bbox 343 2142 452 2209; x_wconf 89' lang='lat' dir='ltr'>minor</span> <span class='ocrx_word' id='word_1_158' title='bbox 465 2156 516 2209; x_wconf 89' lang='lat' dir='ltr'>est</span> <span class='ocrx_word' id='word_1_159' title='bbox 531 2145 637 2234; x_wconf 86' lang='lat' dir='ltr'>patri,</span> <span class='ocrx_word' id='word_1_160' title='bbox 657 2143 735 2232; x_wconf 87' lang='lat' dir='ltr'>quia</span> <span class='ocrx_word' id='word_1_161' title='bbox 747 2144 805 2208; x_wconf 92' lang='lat' dir='ltr'>ille</span> <span class='ocrx_word' id='word_1_162' title='bbox 823 2143 903 2208; x_wconf 90' lang='lat' dir='ltr'>facit</span> <span class='ocrx_word' id='word_1_163' title='bbox 923 2143 1128 2210; x_wconf 87' lang='lat' dir='ltr'>voluntatem</span> <span class='ocrx_word' id='word_1_164' title='bbox 1149 2143 1275 2232; x_wconf 89' lang='lat' dir='ltr'>patris,</span> <span class='ocrx_word' id='word_1_165' title='bbox 1293 2168 1356 2209; x_wconf 89' lang='lat' dir='ltr'>neo</span> <span class='ocrx_word' id='word_1_166' title='bbox 1374 2157 1470 2232; x_wconf 87' lang='lat' dir='ltr'>pater</span> 
     </span>
     <span class='ocr_line' id='line_1_18' title="bbox 342 2245 1466 2336; baseline 0 -26"><span class='ocrx_word' id='word_1_167' title='bbox 342 2245 432 2312; x_wconf 91' lang='lat' dir='ltr'>illius</span> <span class='ocrx_word' id='word_1_168' title='bbox 457 2247 663 2313; x_wconf 87' lang='lat' dir='ltr'>voluntatem</span> <span class='ocrx_word' id='word_1_169' title='bbox 690 2246 799 2312; x_wconf 86' lang='lat' dir='ltr'>facere</span> <span class='ocrx_word' id='word_1_170' title='bbox 831 2247 1070 2334; x_wconf 86' lang='lat' dir='ltr'>conprobatur.</span> <span class='ocrx_word' id='word_1_171' title='bbox 1108 2271 1125 2308; x_wconf 83' lang='lat' dir='ltr'>a</span> <span class='ocrx_word' id='word_1_172' title='bbox 1162 2245 1212 2310; x_wconf 83' lang='lat' dir='ltr'>Ad</span> <span class='ocrx_word' id='word_1_173' title='bbox 1250 2247 1334 2310; x_wconf 85' lang='lat' dir='ltr'>hoec</span> <span class='ocrx_word' id='word_1_174' title='bbox 1367 2271 1429 2336; x_wconf 89' lang='lat' dir='ltr'>ego</span> <span class='ocrx_word' id='word_1_175' title='bbox 1460 2273 1466 2310; x_wconf 92' lang='lat'>:</span> 
     </span>
     <span class='ocr_line' id='line_1_19' title="bbox 344 2347 1470 2440; baseline 0 -28"><span class='ocrx_word' id='word_1_176' title='bbox 344 2377 361 2412; x_wconf 78' lang='lat' dir='ltr'>a</span> <span class='ocrx_word' id='word_1_177' title='bbox 388 2349 568 2440; x_wconf 86' lang='lat' dir='ltr'>Intellege,</span> <span class='ocrx_word' id='word_1_178' title='bbox 595 2348 673 2438; x_wconf 91' lang='lat' dir='ltr'>quia</span> <span class='ocrx_word' id='word_1_179' title='bbox 691 2349 790 2416; x_wconf 90' lang='lat' dir='ltr'>Pater</span> <span class='ocrx_word' id='word_1_180' title='bbox 813 2347 846 2412; x_wconf 91' lang='lat' dir='ltr'>in</span> <span class='ocrx_word' id='word_1_181' title='bbox 874 2348 960 2414; x_wconf 89' lang='lat' dir='ltr'>Filio</span> <span class='ocrx_word' id='word_1_182' title='bbox 988 2361 1022 2413; x_wconf 86' lang='lat' dir='ltr'>et</span> <span class='ocrx_word' id='word_1_183' title='bbox 1046 2347 1151 2415; x_wconf 89' lang='lat' dir='ltr'>Filius</span> <span class='ocrx_word' id='word_1_184' title='bbox 1178 2347 1213 2412; x_wconf 90' lang='lat' dir='ltr'>in</span> <span class='ocrx_word' id='word_1_185' title='bbox 1233 2361 1328 2436; x_wconf 89' lang='lat' dir='ltr'>patre</span> <span class='ocrx_word' id='word_1_186' title='bbox 1348 2348 1383 2414; x_wconf 91' lang='lat' dir='ltr'>iu</span> <span class='ocrx_word' id='word_1_187' title='bbox 1403 2373 1470 2414; x_wconf 88' lang='lat' dir='ltr'>una</span> 
     </span>
     <span class='ocr_line' id='line_1_20' title="bbox 344 2450 1614 2541; baseline 0 -27"><span class='ocrx_word' id='word_1_188' title='bbox 344 2475 476 2541; x_wconf 89' lang='lat' dir='ltr'>semper</span> <span class='ocrx_word' id='word_1_189' title='bbox 501 2452 634 2517; x_wconf 89' lang='lat' dir='ltr'>Deitate</span> <span class='ocrx_word' id='word_1_190' title='bbox 659 2450 825 2516; x_wconf 87' lang='lat' dir='ltr'>subsistit.</span> <span class='ocrx_word' id='word_1_191' title='bbox 852 2452 935 2517; x_wconf 90' lang='lat' dir='ltr'>Nam</span> <span class='ocrx_word' id='word_1_192' title='bbox 958 2461 995 2515; x_wconf 91' lang='lat' dir='ltr'>ut</span> <span class='ocrx_word' id='word_1_193' title='bbox 1020 2473 1219 2540; x_wconf 82' lang='lat' dir='ltr'>cognoscas,</span> <span class='ocrx_word' id='word_1_194' title='bbox 1244 2451 1376 2515; x_wconf 87' lang='lat' dir='ltr'>Patrem</span> <span class='ocrx_word' id='word_1_195' title='bbox 1394 2451 1470 2516; x_wconf 86' lang='lat' dir='ltr'>Filii</span> <span class='ocrx_word' id='word_1_196' title='bbox 1613 2529 1614 2536; x_wconf 8' lang='grc' dir='ltr'>ἵ</span> 
     </span>
     <span class='ocr_line' id='line_1_21' title="bbox 343 2551 1614 2641; baseline -0.001 -24"><span class='ocrx_word' id='word_1_197' title='bbox 343 2553 452 2620; x_wconf 84' lang='lat' dir='ltr'>facere</span> <span class='ocrx_word' id='word_1_198' title='bbox 476 2556 697 2635; x_wconf 87' lang='lat' dir='ltr'>voluntatem,</span> <span class='ocrx_word' id='word_1_199' title='bbox 723 2552 750 2617; x_wconf 90' lang='lat' dir='ltr'>si</span> <span class='ocrx_word' id='word_1_200' title='bbox 778 2553 812 2617; x_wconf 92' lang='lat' dir='ltr'>in</span> <span class='ocrx_word' id='word_1_201' title='bbox 833 2565 865 2617; x_wconf 89' lang='lat' dir='ltr'>te</span> <span class='ocrx_word' id='word_1_202' title='bbox 884 2552 968 2618; x_wconf 91' lang='lat' dir='ltr'>fides</span> <span class='ocrx_word' id='word_1_203' title='bbox 991 2551 1187 2641; x_wconf 87' lang='lat' dir='ltr'>euangelica</span> <span class='ocrx_word' id='word_1_204' title='bbox 1211 2565 1340 2632; x_wconf 84' lang='lat' dir='ltr'>manet,</span> <span class='ocrx_word' id='word_1_205' title='bbox 1372 2553 1467 2632; x_wconf 86' lang='lat' dir='ltr'>audi,</span> <span class='ocrx_word' id='word_1_206' title='bbox 1483 2579 1513 2616; x_wconf 87' lang='lat' dir='ltr'>ao</span> <span class='ocrx_word' id='word_1_207' title='bbox 1613 2619 1614 2636; x_wconf 51' lang='lat'>,</span> 
     </span>
     <span class='ocr_line' id='line_1_22' title="bbox 343 2653 1471 2746; baseline 0 -26"><span class='ocrx_word' id='word_1_208' title='bbox 343 2657 423 2746; x_wconf 92' lang='lat' dir='ltr'>quid</span> <span class='ocrx_word' id='word_1_209' title='bbox 447 2655 520 2745; x_wconf 91' lang='lat' dir='ltr'>ipse</span> <span class='ocrx_word' id='word_1_210' title='bbox 545 2660 637 2721; x_wconf 89' lang='lat' dir='ltr'>lesus</span> <span class='ocrx_word' id='word_1_211' title='bbox 664 2656 746 2720; x_wconf 89' lang='lat' dir='ltr'>deus</span> <span class='ocrx_word' id='word_1_212' title='bbox 768 2667 895 2734; x_wconf 91' lang='lat' dir='ltr'>noster,</span> <span class='ocrx_word' id='word_1_213' title='bbox 921 2679 995 2719; x_wconf 87' lang='lat' dir='ltr'>curn</span> <span class='ocrx_word' id='word_1_214' title='bbox 1020 2655 1061 2719; x_wconf 90' lang='lat' dir='ltr'>ad</span> <span class='ocrx_word' id='word_1_215' title='bbox 1087 2653 1354 2719; x_wconf 90' lang='lat' dir='ltr'>resuscitandum</span> <span class='ocrx_word' id='word_1_216' title='bbox 1378 2655 1471 2720; x_wconf 89' lang='lat' dir='ltr'>venit</span> 
     </span>
     <span class='ocr_line' id='line_1_23' title="bbox 343 2757 1469 2846; baseline -0.004 -22"><span class='ocrx_word' id='word_1_217' title='bbox 343 2761 518 2840; x_wconf 84' lang='lat' dir='ltr'>Lazarum,</span> <span class='ocrx_word' id='word_1_218' title='bbox 534 2757 580 2824; x_wconf 88' lang='lat' dir='ltr'>ait</span> <span class='ocrx_word' id='word_1_219' title='bbox 601 2784 607 2822; x_wconf 91' lang='lat'><strong>:</strong></span> <span class='ocrx_word' id='word_1_220' title='bbox 630 2759 741 2837; x_wconf 87' lang='lat' dir='ltr'>Pater,</span> <span class='ocrx_word' id='word_1_221' title='bbox 756 2761 891 2846; x_wconf 86' lang='lat' dir='ltr'>gratias</span> <span class='ocrx_word' id='word_1_222' title='bbox 911 2781 974 2846; x_wconf 86' lang='lat' dir='ltr'>ago</span> <span class='ocrx_word' id='word_1_223' title='bbox 994 2757 1067 2836; x_wconf 84' lang='lat' dir='ltr'>tibi,</span> <span class='ocrx_word' id='word_1_224' title='bbox 1088 2760 1244 2846; x_wconf 83' lang='lat' dir='ltr'>qnoniam</span> <span class='ocrx_word' id='word_1_225' title='bbox 1265 2757 1389 2821; x_wconf 83' lang='lat' dir='ltr'>audisti</span> <span class='ocrx_word' id='word_1_226' title='bbox 1400 2781 1469 2839; x_wconf 86' lang='lat' dir='ltr'>are,·</span> 
     </span>
     <span class='ocr_line' id='line_1_24' title="bbox 343 2859 1468 2950; baseline 0 -26"><span class='ocrx_word' id='word_1_227' title='bbox 343 2875 373 2925; x_wconf 92' lang='lat' dir='ltr'>et</span> <span class='ocrx_word' id='word_1_228' title='bbox 392 2885 450 2950; x_wconf 83' lang='lat' dir='ltr'>ego</span> <span class='ocrx_word' id='word_1_229' title='bbox 467 2863 629 2940; x_wconf 84' lang='lat' dir='ltr'>sciebam,</span> <span class='ocrx_word' id='word_1_230' title='bbox 644 2865 725 2950; x_wconf 79' lang='lat' dir='ltr'>quia</span> <span class='ocrx_word' id='word_1_231' title='bbox 744 2885 873 2950; x_wconf 83' lang='lat' dir='ltr'>semper</span> <span class='ocrx_word' id='word_1_232' title='bbox 887 2883 937 2924; x_wconf 87' lang='lat' dir='ltr'>mc</span> <span class='ocrx_word' id='word_1_233' title='bbox 953 2860 1061 2923; x_wconf 81' lang='lat' dir='ltr'>audis.</span> <span class='ocrx_word' id='word_1_234' title='bbox 1085 2859 1152 2922; x_wconf 84' lang='lat' dir='ltr'>Sed</span> <span class='ocrx_word' id='word_1_235' title='bbox 1164 2874 1305 2949; x_wconf 84' lang='lat' dir='ltr'>propter</span> <span class='ocrx_word' id='word_1_236' title='bbox 1322 2861 1468 2939; x_wconf 85' lang='lat' dir='ltr'>turbam,</span> 
     </span>
     <span class='ocr_line' id='line_1_25' title="bbox 343 2962 1469 3054; baseline 0 -27"><span class='ocrx_word' id='word_1_237' title='bbox 343 2967 401 3054; x_wconf 86' lang='lat' dir='ltr'>qui</span> <span class='ocrx_word' id='word_1_238' title='bbox 414 2969 621 3042; x_wconf 81' lang='lat' dir='ltr'>circumstat,</span> <span class='ocrx_word' id='word_1_239' title='bbox 644 2963 729 3042; x_wconf 75' lang='lat' dir='ltr'>dtat,</span> <span class='ocrx_word' id='word_1_240' title='bbox 760 2975 795 3026; x_wconf 88' lang='lat' dir='ltr'>ut</span> <span class='ocrx_word' id='word_1_241' title='bbox 816 2963 965 3040; x_wconf 76' lang='lat' dir='ltr'>credant,</span> <span class='ocrx_word' id='word_1_242' title='bbox 992 2965 1071 3050; x_wconf 84' lang='lat' dir='ltr'>quia</span> <span class='ocrx_word' id='word_1_243' title='bbox 1089 2975 1123 3024; x_wconf 86' lang='lat' dir='ltr'>ta</span> <span class='ocrx_word' id='word_1_244' title='bbox 1150 2985 1199 3024; x_wconf 89' lang='lat' dir='ltr'>me</span> <span class='ocrx_word' id='word_1_245' title='bbox 1221 2965 1340 3026; x_wconf 82' lang='lat' dir='ltr'>misisti</span> <span class='ocrx_word' id='word_1_246' title='bbox 1352 2962 1375 3024; x_wconf 74' lang='lat'>2.</span> <span class='ocrx_word' id='word_1_247' title='bbox 1401 2962 1469 3027; x_wconf 88' lang='lat' dir='ltr'>Sed</span> 
     </span>
     <span class='ocr_line' id='line_1_26' title="bbox 344 3063 1512 3154; baseline -0.003 -23"><span class='ocrx_word' id='word_1_248' title='bbox 344 3066 473 3131; x_wconf 87' lang='lat' dir='ltr'>eumad</span> <span class='ocrx_word' id='word_1_249' title='bbox 489 3066 679 3154; x_wconf 88' lang='lat' dir='ltr'>passionem</span> <span class='ocrx_word' id='word_1_250' title='bbox 693 3064 804 3145; x_wconf 86' lang='lat' dir='ltr'>venit,</span> <span class='ocrx_word' id='word_1_251' title='bbox 820 3063 866 3127; x_wconf 90' lang='lat' dir='ltr'>ait</span> <span class='ocrx_word' id='word_1_252' title='bbox 886 3089 892 3126; x_wconf 93' lang='lat'>:</span> <span class='ocrx_word' id='word_1_253' title='bbox 914 3065 1028 3145; x_wconf 87' lang='lat' dir='ltr'>Pater,</span> <span class='ocrx_word' id='word_1_254' title='bbox 1043 3063 1197 3148; x_wconf 80' lang='lat' dir='ltr'>clarifica</span> <span class='ocrx_word' id='word_1_255' title='bbox 1214 3087 1264 3126; x_wconf 85' lang='lat' dir='ltr'>me</span> <span class='ocrx_word' id='word_1_256' title='bbox 1282 3063 1468 3127; x_wconf 78' lang='lat' dir='ltr'>claritatem</span> <span class='ocrx_word' id='word_1_257' title='bbox 1483 3089 1512 3128; x_wconf 78' lang='lat' dir='ltr'>aa</span> 
     </span>
     <span class='ocr_line' id='line_1_27' title="bbox 344 3165 1467 3258; baseline -0.001 -28"><span class='ocrx_word' id='word_1_258' title='bbox 344 3193 444 3258; x_wconf 85' lang='lat' dir='ltr'>qaam</span> <span class='ocrx_word' id='word_1_259' title='bbox 464 3168 569 3232; x_wconf 82' lang='lat' dir='ltr'>habui</span> <span class='ocrx_word' id='word_1_260' title='bbox 587 3167 679 3256; x_wconf 85' lang='lat' dir='ltr'>apud</span> <span class='ocrx_word' id='word_1_261' title='bbox 699 3179 793 3230; x_wconf 83' lang='lat' dir='ltr'>temet</span> <span class='ocrx_word' id='word_1_262' title='bbox 811 3170 935 3254; x_wconf 82' lang='lat' dir='ltr'>ipsum,</span> <span class='ocrx_word' id='word_1_263' title='bbox 955 3169 1154 3254; x_wconf 84' lang='lat' dir='ltr'>priusquam</span> <span class='ocrx_word' id='word_1_264' title='bbox 1172 3166 1314 3230; x_wconf 81' lang='lat' dir='ltr'>mundus</span> <span class='ocrx_word' id='word_1_265' title='bbox 1332 3165 1428 3250; x_wconf 81' lang='lat' dir='ltr'>ficret</span> <span class='ocrx_word' id='word_1_266' title='bbox 1443 3166 1467 3229; x_wconf 84' lang='lat'>³.</span> 
     </span>
     <span class='ocr_line' id='line_1_28' title="bbox 344 3266 1470 3356; baseline -0.002 -22"><span class='ocrx_word' id='word_1_267' title='bbox 344 3268 404 3334; x_wconf 91' lang='lat' dir='ltr'>Cui</span> <span class='ocrx_word' id='word_1_268' title='bbox 420 3271 519 3334; x_wconf 90' lang='lat' dir='ltr'>Pater</span> <span class='ocrx_word' id='word_1_269' title='bbox 535 3270 575 3333; x_wconf 91' lang='lat' dir='ltr'>de</span> <span class='ocrx_word' id='word_1_270' title='bbox 597 3268 688 3333; x_wconf 92' lang='lat' dir='ltr'>caelo</span> <span class='ocrx_word' id='word_1_271' title='bbox 705 3266 881 3356; x_wconf 87' lang='lat' dir='ltr'>respondit</span> <span class='ocrx_word' id='word_1_272' title='bbox 899 3294 906 3330; x_wconf 92' lang='lat'>:</span> <span class='ocrx_word' id='word_1_273' title='bbox 929 3269 973 3330; x_wconf 80' lang='lat' dir='ltr'>Et</span> <span class='ocrx_word' id='word_1_274' title='bbox 990 3267 1216 3352; x_wconf 81' lang='lat' dir='ltr'>clarificaviet</span> <span class='ocrx_word' id='word_1_275' title='bbox 1234 3272 1351 3331; x_wconf 85' lang='lat' dir='ltr'>iterum</span> <span class='ocrx_word' id='word_1_276' title='bbox 1368 3267 1470 3332; x_wconf 77' lang='lat' dir='ltr'>clari-</span> 
     </span>
     <span class='ocr_line' id='line_1_29' title="bbox 342 3367 1468 3460; baseline 0.001 -27"><span class='ocrx_word' id='word_1_277' title='bbox 342 3369 487 3457; x_wconf 69' lang='lat' dir='ltr'>ficabol.</span> <span class='ocrx_word' id='word_1_278' title='bbox 511 3371 669 3459; x_wconf 86' lang='lat' dir='ltr'>Aequalis</span> <span class='ocrx_word' id='word_1_279' title='bbox 695 3382 746 3435; x_wconf 89' lang='lat' dir='ltr'>est</span> <span class='ocrx_word' id='word_1_280' title='bbox 769 3393 850 3460; x_wconf 89' lang='lat' dir='ltr'>ergo</span> <span class='ocrx_word' id='word_1_281' title='bbox 874 3368 979 3434; x_wconf 89' lang='lat' dir='ltr'>Filius</span> <span class='ocrx_word' id='word_1_282' title='bbox 1006 3368 1041 3433; x_wconf 87' lang='lat' dir='ltr'>in</span> <span class='ocrx_word' id='word_1_283' title='bbox 1068 3367 1215 3450; x_wconf 84' lang='lat' dir='ltr'>Deitate,</span> <span class='ocrx_word' id='word_1_284' title='bbox 1247 3391 1315 3434; x_wconf 88' lang='lat' dir='ltr'>non</span> <span class='ocrx_word' id='word_1_285' title='bbox 1338 3367 1468 3448; x_wconf 88' lang='lat' dir='ltr'>minor;</span> 
     </span>
     <span class='ocr_line' id='line_1_30' title="bbox 345 3468 1466 3561; baseline -0.001 -26"><span class='ocrx_word' id='word_1_286' title='bbox 345 3469 403 3536; x_wconf 89' lang='lat' dir='ltr'>sed</span> <span class='ocrx_word' id='word_1_287' title='bbox 423 3495 533 3559; x_wconf 89' lang='lat' dir='ltr'>neque</span> <span class='ocrx_word' id='word_1_288' title='bbox 552 3472 677 3561; x_wconf 91' lang='lat' dir='ltr'>aliquid</span> <span class='ocrx_word' id='word_1_289' title='bbox 702 3472 813 3536; x_wconf 91' lang='lat' dir='ltr'>minus</span> <span class='ocrx_word' id='word_1_290' title='bbox 833 3473 974 3537; x_wconf 87' lang='lat' dir='ltr'>hahens.</span> <span class='ocrx_word' id='word_1_291' title='bbox 1001 3471 1084 3536; x_wconf 88' lang='lat' dir='ltr'>Nam</span> <span class='ocrx_word' id='word_1_292' title='bbox 1105 3468 1132 3532; x_wconf 93' lang='lat' dir='ltr'>si</span> <span class='ocrx_word' id='word_1_293' title='bbox 1153 3472 1260 3535; x_wconf 90' lang='lat' dir='ltr'>Deum</span> <span class='ocrx_word' id='word_1_294' title='bbox 1279 3469 1466 3554; x_wconf 80' lang='lat' dir='ltr'>confiteris,</span> 
     </span>
     <span class='ocr_line' id='line_1_31' title="bbox 345 3565 1614 3663; baseline 0 -26"><span class='ocrx_word' id='word_1_295' title='bbox 345 3597 482 3638; x_wconf 89' lang='lat' dir='ltr'>necesse</span> <span class='ocrx_word' id='word_1_296' title='bbox 515 3583 567 3638; x_wconf 88' lang='lat' dir='ltr'>est</span> <span class='ocrx_word' id='word_1_297' title='bbox 591 3573 761 3663; x_wconf 86' lang='lat' dir='ltr'>integrum</span> <span class='ocrx_word' id='word_1_298' title='bbox 784 3572 917 3638; x_wconf 87' lang='lat' dir='ltr'>fatearis</span> <span class='ocrx_word' id='word_1_299' title='bbox 943 3584 977 3636; x_wconf 90' lang='lat' dir='ltr'>et</span> <span class='ocrx_word' id='word_1_300' title='bbox 998 3571 1083 3636; x_wconf 92' lang='lat' dir='ltr'>nihil</span> <span class='ocrx_word' id='word_1_301' title='bbox 1108 3583 1280 3661; x_wconf 89' lang='lat' dir='ltr'>egentem;</span> <span class='ocrx_word' id='word_1_302' title='bbox 1307 3571 1333 3635; x_wconf 91' lang='lat' dir='ltr'>si</span> <span class='ocrx_word' id='word_1_303' title='bbox 1356 3581 1512 3638; x_wconf 84' lang='lat' dir='ltr'>v&#39;erunrao</span> <span class='ocrx_word' id='word_1_304' title='bbox 1613 3565 1614 3588; x_wconf 40' lang='lat' dir='ltr'>l</span> 
     </span>
     <span class='ocr_line' id='line_1_32' title="bbox 344 3673 1468 3766; baseline -0.001 -27"><span class='ocrx_word' id='word_1_305' title='bbox 344 3675 511 3766; x_wconf 88' lang='lat' dir='ltr'>integrum</span> <span class='ocrx_word' id='word_1_306' title='bbox 543 3699 616 3742; x_wconf 91' lang='lat' dir='ltr'>esse</span> <span class='ocrx_word' id='word_1_307' title='bbox 639 3699 758 3766; x_wconf 82' lang='lat' dir='ltr'>negas,</span> <span class='ocrx_word' id='word_1_308' title='bbox 789 3679 896 3740; x_wconf 90' lang='lat' dir='ltr'>Deum</span> <span class='ocrx_word' id='word_1_309' title='bbox 926 3697 998 3739; x_wconf 89' lang='lat' dir='ltr'>esse</span> <span class='ocrx_word' id='word_1_310' title='bbox 1026 3697 1094 3738; x_wconf 89' lang='lat' dir='ltr'>non</span> <span class='ocrx_word' id='word_1_311' title='bbox 1122 3674 1242 3740; x_wconf 89' lang='lat' dir='ltr'>credis.</span> <span class='ocrx_word' id='word_1_312' title='bbox 1272 3700 1288 3736; x_wconf 84' lang='lat' dir='ltr'>a</span> <span class='ocrx_word' id='word_1_313' title='bbox 1320 3677 1362 3739; x_wconf 90' lang='lat' dir='ltr'>Et</span> <span class='ocrx_word' id='word_1_314' title='bbox 1381 3673 1468 3741; x_wconf 87' lang='lat' dir='ltr'>ille:</span> 
     </span>
     <span class='ocr_line' id='line_1_33' title="bbox 346 3775 1489 3866; baseline 0.003 -28"><span class='ocrx_word' id='word_1_315' title='bbox 346 3803 362 3839; x_wconf 89' lang='lat'>«</span> <span class='ocrx_word' id='word_1_316' title='bbox 384 3777 432 3842; x_wconf 84' lang='lat' dir='ltr'>Ex</span> <span class='ocrx_word' id='word_1_317' title='bbox 451 3777 664 3864; x_wconf 90' lang='lat' dir='ltr'>adsumptum</span> <span class='ocrx_word' id='word_1_318' title='bbox 688 3778 859 3842; x_wconf 90' lang='lat' dir='ltr'>hominem</span> <span class='ocrx_word' id='word_1_319' title='bbox 880 3775 992 3866; x_wconf 91' lang='lat' dir='ltr'>coepit</span> <span class='ocrx_word' id='word_1_320' title='bbox 1015 3776 1076 3841; x_wconf 89' lang='lat' dir='ltr'>Dei</span> <span class='ocrx_word' id='word_1_321' title='bbox 1098 3776 1186 3840; x_wconf 89' lang='lat' dir='ltr'>lilius</span> <span class='ocrx_word' id='word_1_322' title='bbox 1205 3777 1369 3855; x_wconf 83' lang='lat' dir='ltr'>vocitare3</span> <span class='ocrx_word' id='word_1_323' title='bbox 1395 3791 1489 3842; x_wconf 84' lang='lat' dir='ltr'>aam&#39;</span> 
     </span>
     <span class='ocr_line' id='line_1_34' title="bbox 345 3877 1472 3968; baseline 0.001 -25"><span class='ocrx_word' id='word_1_324' title='bbox 345 3892 416 3944; x_wconf 89' lang='lat' dir='ltr'>erat</span> <span class='ocrx_word' id='word_1_325' title='bbox 433 3878 567 3967; x_wconf 89' lang='lat' dir='ltr'>quando</span> <span class='ocrx_word' id='word_1_326' title='bbox 587 3892 788 3944; x_wconf 82' lang='lat' dir='ltr'>nouerat.»</span> <span class='ocrx_word' id='word_1_327' title='bbox 809 3881 851 3945; x_wconf 85' lang='lat' dir='ltr'>Et</span> <span class='ocrx_word' id='word_1_328' title='bbox 868 3903 930 3968; x_wconf 91' lang='lat' dir='ltr'>ego</span> <span class='ocrx_word' id='word_1_329' title='bbox 951 3905 957 3942; x_wconf 92' lang='lat'>:</span> <span class='ocrx_word' id='word_1_330' title='bbox 978 3905 995 3941; x_wconf 84' lang='lat' dir='ltr'>u</span> <span class='ocrx_word' id='word_1_331' title='bbox 1013 3877 1100 3943; x_wconf 84' lang='lat' dir='ltr'>Audi</span> <span class='ocrx_word' id='word_1_332' title='bbox 1115 3877 1220 3944; x_wconf 90' lang='lat' dir='ltr'>David</span> <span class='ocrx_word' id='word_1_333' title='bbox 1240 3879 1409 3944; x_wconf 84' lang='lat' dir='ltr'>dicentem</span> <span class='ocrx_word' id='word_1_334' title='bbox 1430 3903 1472 3944; x_wconf 84' lang='lat' dir='ltr'>ex</span> 
     </span>
     <span class='ocr_line' id='line_1_35' title="bbox 345 3981 1472 4076; baseline -0.001 -29"><span class='ocrx_word' id='word_1_335' title='bbox 345 4003 488 4069; x_wconf 83' lang='lat' dir='ltr'>persona</span> <span class='ocrx_word' id='word_1_336' title='bbox 520 3982 629 4046; x_wconf 86' lang='lat' dir='ltr'>Patris</span> <span class='ocrx_word' id='word_1_337' title='bbox 657 4007 664 4044; x_wconf 76' lang='grc' dir='ltr'>ε</span> <span class='ocrx_word' id='word_1_338' title='bbox 697 3982 753 4044; x_wconf 72' lang='lat' dir='ltr'>Ex</span> <span class='ocrx_word' id='word_1_339' title='bbox 788 3995 880 4045; x_wconf 87' lang='lat' dir='ltr'>utero</span> <span class='ocrx_word' id='word_1_340' title='bbox 913 3995 991 4076; x_wconf 28' lang='lat' dir='ltr'>alate</span> <span class='ocrx_word' id='word_1_341' title='bbox 1023 3981 1160 4072; x_wconf 69' lang='lat' dir='ltr'>lucifhro</span> <span class='ocrx_word' id='word_1_342' title='bbox 1191 3985 1294 4070; x_wconf 79' lang='lat' dir='ltr'>genui</span> <span class='ocrx_word' id='word_1_343' title='bbox 1322 3981 1389 4044; x_wconf 80' lang='lat' dir='ltr'>te5.</span> <span class='ocrx_word' id='word_1_344' title='bbox 1429 3983 1472 4046; x_wconf 86' lang='lat' dir='ltr'>Et</span> 
     </span>
     <span class='ocr_line' id='line_1_36' title="bbox 345 4081 1614 4172; baseline -0.001 -25"><span class='ocrx_word' id='word_1_345' title='bbox 345 4081 505 4148; x_wconf 89' lang='lat' dir='ltr'>Iohannis</span> <span class='ocrx_word' id='word_1_346' title='bbox 524 4081 731 4172; x_wconf 84' lang='lat' dir='ltr'>euangelista</span> <span class='ocrx_word' id='word_1_347' title='bbox 752 4081 797 4147; x_wconf 89' lang='lat' dir='ltr'>ait</span> <span class='ocrx_word' id='word_1_348' title='bbox 820 4107 826 4146; x_wconf 91' lang='lat'><strong>:</strong></span> <span class='ocrx_word' id='word_1_349' title='bbox 847 4083 885 4146; x_wconf 87' lang='lat' dir='ltr'>In</span> <span class='ocrx_word' id='word_1_350' title='bbox 902 4087 1066 4172; x_wconf 81' lang='lat' dir='ltr'>principio</span> <span class='ocrx_word' id='word_1_351' title='bbox 1084 4095 1157 4146; x_wconf 87' lang='lat' dir='ltr'>erat</span> <span class='ocrx_word' id='word_1_352' title='bbox 1182 4083 1319 4148; x_wconf 84' lang='lat' dir='ltr'>Verbum</span> <span class='ocrx_word' id='word_1_353' title='bbox 1338 4095 1367 4146; x_wconf 85' lang='lat' dir='ltr'>et</span> <span class='ocrx_word' id='word_1_354' title='bbox 1392 4083 1470 4148; x_wconf 86' lang='lat' dir='ltr'>Ver·</span> <span class='ocrx_word' id='word_1_355' title='bbox 1485 4109 1511 4147; x_wconf 75' lang='lat' dir='ltr'>aa</span> <span class='ocrx_word' id='word_1_356' title='bbox 1613 4107 1614 4134; x_wconf 68' lang='lat'>2</span> 
     </span>
    </p>
   </div>
   <div class='ocr_carea' id='block_1_3' title="bbox 344 4299 1470 4424">
    <p class='ocr_par' dir='ltr' id='par_1_4' title="bbox 344 4299 1470 4424">
     <span class='ocr_line' id='line_1_37' title="bbox 377 4299 1470 4416; baseline 0.004 -67"><span class='ocrx_word' id='word_1_357' title='bbox 377 4299 406 4414; x_wconf 80' lang='grc'>1.5</span> <span class='ocrx_word' id='word_1_358' title='bbox 417 4301 539 4416; x_wconf 37' lang='lat' dir='ltr'>lgna&amp;</span> <span class='ocrx_word' id='word_1_359' title='bbox 553 4305 592 4412; x_wconf 56' lang='lat'>33.</span> <span class='ocrx_word' id='word_1_360' title='bbox 605 4331 636 4341; x_wconf 95' lang='lat'>-</span> <span class='ocrx_word' id='word_1_361' title='bbox 651 4303 672 4352; x_wconf 76' lang='lat'>2.</span> <span class='ocrx_word' id='word_1_362' title='bbox 692 4302 764 4352; x_wconf 83' lang='lat' dir='ltr'>loun.</span> <span class='ocrx_word' id='word_1_363' title='bbox 777 4303 814 4362; x_wconf 89' lang='lat' dir='ltr'>ll,</span> <span class='ocrx_word' id='word_1_364' title='bbox 829 4301 913 4352; x_wconf 70' lang='lat' dir='ltr'>lii-42.</span> <span class='ocrx_word' id='word_1_365' title='bbox 930 4331 961 4338; x_wconf 98' lang='lat'><em>-</em></span> <span class='ocrx_word' id='word_1_366' title='bbox 979 4303 1001 4350; x_wconf 86' lang='grc'>3.</span> <span class='ocrx_word' id='word_1_367' title='bbox 1020 4301 1091 4354; x_wconf 83' lang='lat' dir='ltr'>loon.</span> <span class='ocrx_word' id='word_1_368' title='bbox 1106 4301 1143 4360; x_wconf 78' lang='lat'>17,</span> <span class='ocrx_word' id='word_1_369' title='bbox 1158 4303 1181 4352; x_wconf 85' lang='lat'>5.</span> <span class='ocrx_word' id='word_1_370' title='bbox 1200 4330 1230 4338; x_wconf 97' lang='lat'>-</span> <span class='ocrx_word' id='word_1_371' title='bbox 1246 4302 1269 4349; x_wconf 79' lang='lat'>4.</span> <span class='ocrx_word' id='word_1_372' title='bbox 1289 4301 1360 4353; x_wconf 79' lang='lat' dir='ltr'>loen.</span> <span class='ocrx_word' id='word_1_373' title='bbox 1375 4301 1412 4362; x_wconf 76' lang='lat'>12,</span> <span class='ocrx_word' id='word_1_374' title='bbox 1431 4301 1470 4353; x_wconf 81' lang='grc'>28.</span> 
     </span>
     <span class='ocr_line' id='line_1_38' title="bbox 344 4382 587 4424; baseline 0.008 -12"><span class='ocrx_word' id='word_1_375' title='bbox 344 4392 376 4402; x_wconf 93' lang='grc'><strong>-</strong></span> <span class='ocrx_word' id='word_1_376' title='bbox 410 4403 414 4416; x_wconf 90' lang='grc'><strong>,</strong></span> <span class='ocrx_word' id='word_1_377' title='bbox 455 4382 475 4416; x_wconf 84' lang='lat' dir='ltr'>s.</span> <span class='ocrx_word' id='word_1_378' title='bbox 541 4404 547 4424; x_wconf 95' lang='lat'>,</span> <span class='ocrx_word' id='word_1_379' title='bbox 582 4403 587 4414; x_wconf 91' lang='lat'><strong><em>.</em></strong></span> 
     </span>
    </p>
   </div>
   <div class='ocr_carea' id='block_1_4' title="bbox 0 0 1636 5144">
    <p class='ocr_par' dir='ltr' id='par_1_5' title="bbox 0 0 1636 5144">
     <span class='ocr_line' id='line_1_39' title="bbox 0 0 1636 5144; baseline 0 0"><span class='ocrx_word' id='word_1_380' title='bbox 0 0 1636 5144; x_wconf 95' lang='lat' dir='ltr'> </span> 
     </span>
    </p>
   </div>
  </div>
 </body>
</html>
