3220 5158
403 405 568 456 ursromn
585 405 785 456 raincoauu
802 367 898 455 tiara
914 406 960 455 111.
1219 407 1248 455 77

123 521 358 610 pontefecibus
374 535 407 587 et
426 523 570 612 populo,
589 547 663 588 eum
680 521 715 586 in
738 523 896 587 cathedra
915 522 1083 589 Arvernae
1106 523 1247 589 eclesiae

123 623 330 709 locaverunt,
349 624 407 714 qui
425 626 727 715 quartusdecimus
744 625 884 691 eclesiae
899 625 948 691 illi
963 625 1173 716 praepositus
1183 638 1243 692 est.
1339 693 1341 698 ,

125 725 269 817 Reliqua
283 751 361 793 vero
378 752 462 818 quae
478 727 603 819 gessit,
619 740 685 792 tam
702 728 842 793 virtutes
859 753 959 817 quam
976 741 1108 818 tempus
1128 727 1247 820 migra·
1398 725 1401 732 ⁴

123 826 228 893 tionis
246 827 334 911 eiua,
352 829 476 918 scripta
491 842 569 895 sunt
586 829 621 894 in
637 828 742 910 libro,
765 853 865 919 quem
880 829 923 896 de
942 829 1014 895 eius
1031 830 1098 896 vita
1119 853 1246 920 conpo-

94 959 109 996 5
127 954 266 996 surmus.

170 1101 228 1164 Ill.
251 1098 310 1164 His
327 1098 373 1164 ita
389 1099 511 1190 gestia,
540 1099 626 1166 Dani
653 1124 727 1166 cum
755 1099 827 1191 regi
854 1125 914 1166 suo
933 1101 1068 1166 nomine
1089 1101 1248 1168 Chlochi·

125 1201 212 1268 laico
231 1213 346 1268 evecto
366 1202 481 1268 navale
502 1227 564 1291 per
589 1227 678 1270 mare
699 1203 825 1271 Gallias
846 1216 1020 1292 appetunt.
1045 1205 1247 1295 Egressique

126 1306 167 1370 ad
184 1318 309 1384 terras,
328 1328 450 1395 pagum
475 1330 582 1371 unum
608 1305 622 1396 ll
653 1306 695 1370 de
717 1330 821 1397 regno
850 1305 1050 1371 Theoderici
1075 1307 1249 1372 devastant
1261 1319 1314 1368 For.
1328 1322 1356 1368 32
1368 1331 1401 1368 νο.

125 1420 226 1498 atque
243 1406 429 1496 captivant,
450 1407 665 1498 oneratisque
687 1409 828 1474 navibus
843 1421 910 1473 tam
930 1409 972 1474 de
993 1408 1132 1498 captivis
1151 1433 1248 1499 quam

80 1512 168 1579 rode
203 1509 341 1599 reliquis
371 1509 500 1599 spoliis,
530 1510 650 1576 reverti
680 1512 722 1578 ad
748 1511 888 1601 patriam
918 1510 1076 1600 cupiunt3
1107 1513 1166 1577 sed
1192 1537 1249 1578 rex

125 1637 241 1681 eorum
259 1611 293 1677 in
304 1612 383 1678 litus
399 1614 706 1694 resedebat,doneo
723 1638 823 1679 naves
835 1616 901 1681 alto
913 1639 1002 1680 mare
1021 1617 1248 1704 conpraehen-

123 1719 263 1795 derent,
296 1714 368 1804 ipse
394 1715 555 1805 deinceps
582 1729 769 1782 secuturus.
805 1718 904 1802 Quod
931 1741 1005 1783 cum
1036 1717 1248 1784 Theoderico

123 1817 314 1885 nuntiatum
332 1816 465 1897 fuisset,
492 1819 581 1907 quod
600 1819 730 1884 scilicet
748 1819 841 1910 regio
859 1819 930 1886 eius
954 1821 1056 1887 fuerit
1075 1823 1117 1886 ab
1140 1833 1249 1886 extra-

123 1921 199 1987 neis
220 1921 402 2001 devastata,
425 1922 694 2003 Theodoberto¹‚
714 1922 818 1988 filium
835 1933 941 2004 suum,
962 1923 995 1988 in
1014 1924 1081 1989 illis
1098 1923 1249 2013 partibus

82 2052 108 2092 15
124 2049 203 2090 cum
220 2022 331 2089 valido
348 2023 496 2088 exercito
512 2047 549 2088 ac
570 2048 690 2115 magno
719 2050 884 2091 armorum
908 2027 1088 2115 apparato‘2
1114 2025 1246 2092 direxit.

123 2127 193 2212 Qui
225 2127 402 2192 interfecto
437 2125 527 2216 regi,
573 2127 727 2194 hostibus
762 2126 870 2194 navali
913 2128 1043 2216 proelio
1083 2128 1248 2219 superatis

123 2229 295 2320 opprimet
308 2254 506 2318 omnemque
522 2229 671 2319 rapinam
687 2243 796 2297 terrae
815 2231 973 2297 restituit.
1059 2307 1061 2314 Ι

172 2403 245 2468 llll.
264 2403 368 2466 Porro
383 2413 463 2465 tunc
481 2399 569 2490 apud
586 2399 775 2492 Thoringos
789 2413 857 2466 tres
872 2401 991 2466 fratres
1007 2425 1147 2492 regnum
1164 2426 1247 2494 gen·

124 2504 170 2570 tis
185 2503 277 2570 illius
294 2502 502 2584 retinebant,
520 2501 618 2568 idest
636 2501 837 2583 Badericus‚
853 2504 1134 2569 Hermenefredus
1149 2517 1248 2594 atque

81 2636 110 2674 ao
127 2605 377 2672 Bertecharius.
396 2605 549 2696 Denique
568 2607 849 2672 Hermenefredus
865 2607 1095 2688 Bertharium,
1114 2608 1248 2674 fratrem

126 2735 236 2792 suum,
257 2707 289 2774 vi
310 2710 516 2800 opprimens,
538 2708 708 2774 interficit.
737 2708 819 2792 Hip]
840 2708 999 2790 moriens,
1022 2709 1247 2802 Radegundae

126 2813 229 2879 filiam
247 2812 394 2878 orsanam
419 2811 615 2902 dereliquit;
638 2809 776 2902 reliquit
800 2812 888 2888 enim
913 2826 946 2878 et
973 2812 1055 2879 alios
1080 2813 1184 2894 filios,
1205 2814 1247 2878 de

125 2916 249 3006 quibus
280 2914 315 2980 in
344 2929 505 3004 sequente
529 2915 718 2980 scribimus.
743 2915 757 3006 ΙΙ
779 2917 1041 2982 Hermenefredo
1062 2940 1141 2981 vero
1164 2940 1248 2982 uxor
1259 2936 1313 2984 σοι.
1326 2937 1378 2984 107.

126 3018 243 3108 iniqua
262 3030 360 3107 atque
378 3018 523 3085 crudelis
541 3017 761 3110 Amalaberga
785 3017 920 3086 nomine
945 3019 1033 3085 inter
1050 3021 1113 3084 hos
1129 3019 1247 3084 fratres

80 3147 109 3188 aa
125 3121 252 3188 bellum
272 3119 367 3185 civile
383 3119 591 3186 disseminat.
618 3124 700 3189 Nam
721 3121 858 3188 veniens
874 3122 1016 3212 quadam
1034 3120 1089 3186 die
1107 3122 1148 3186 ad
1166 3145 1248 3187 con·

124 3226 247 3292 vivium
262 3225 313 3288 vir
330 3223 418 3304 eius,
439 3249 586 3290 mensam
602 3224 746 3290 mediam
755 3238 905 3315 opertam
917 3225 1077 3316 repperit.
1097 3227 1246 3316 Cumque

125 3327 241 3408 uxori,
257 3325 337 3416 quid
350 3327 414 3391 sibi
432 3328 497 3392 hoc
516 3326 629 3406 vellit,
647 3326 888 3418 interrogaret,
909 3327 1108 3418 respondit:
1130 3357 1147 3392 «
1167 3328 1244 3414 Qui,

126 3428 262 3521 inquid,
281 3453 298 3492 a
313 3428 423 3494 medio
438 3453 541 3520 regno
557 3430 731 3518 spoliatur,
750 3430 848 3497 decet
860 3455 934 3495 eum
952 3455 1085 3496 mensae
1099 3431 1244 3496 medium

126 3535 251 3599 habere
268 3531 438 3597 nudatum.
460 3559 476 3594 a
499 3533 635 3598 Talibus
657 3544 691 3598 et
715 3532 768 3598 his
787 3533 952 3599 similibus
974 3533 1030 3600 ille
1055 3547 1245 3624 permotus,

83 3663 112 3704 ao
128 3649 244 3703 contra
258 3635 392 3700 fratrem
411 3633 556 3726 insurgit
571 3659 607 3700 ac
625 3661 686 3725 per
703 3635 844 3702 occultis
858 3636 985 3702 nuntiis
1002 3636 1248 3702 Theodoricum

131 3763 242 3832 regem
260 3738 301 3802 ad
328 3762 402 3803 eum
426 3737 696 3827 persequendum
723 3737 860 3818 invitat,
889 3738 1005 3804 dicens
1028 3761 1037 3808 :
1058 3766 1075 3801 a
1098 3737 1133 3804 si
1160 3741 1248 3804 hunc

130 3841 313 3921 interlices‚
329 3838 500 3931 regionem
516 3843 602 3906 hanc
622 3841 694 3930 pari
711 3855 800 3908 sorte
817 3841 1008 3908 dividimus.
1030 3869 1046 3904 »
1063 3841 1122 3906 Ille
1140 3853 1248 3907 autem

129 3946 278 4038 gavisus,
297 3943 379 4008 haec
404 3943 559 4024 audiens,
582 3969 657 4011 cum
680 3944 828 4011 exercitu
845 3945 886 4009 ad
907 3970 982 4011 eum
1005 3943 1139 4036 diregit.
1160 3946 1248 4009 Con·

130 4047 300 4136 iunctique
320 4045 417 4112 simul
442 4046 541 4111 fidem
562 4046 626 4111 sibi
646 4045 787 4112 invicem
808 4048 944 4128 dantes,
967 4045 1093 4138 egressi
1109 4058 1187 4112 sunt
1207 4046 1247 4110 ad

83 4150 264 4217 rabellum.
307 4148 601 4240 Confligentesque
634 4174 708 4214 cum
740 4149 923 4231 Baderico,
960 4149 1140 4215 exercitum
1176 4149 1246 4214 cius

131 4255 285 4319 adterunt
303 4251 479 4342 ipsumque
501 4253 704 4318 obtruncant
722 4252 855 4344 gladio,
885 4266 918 4319 et
935 4255 1072 4318 obtenta
1088 4252 1245 4326 victoria,

160 4406 183 4454 1.
203 4407 272 4453 Corr.
284 4403 502 4454 Theodobertum.
517 4431 547 4443 -
564 4407 634 4454 Corr.
649 4411 788 4470 apparatu.
