3256 5144
426 387 591 446 HISTORIAE
610 387 811 436 FRANCORUM
829 386 926 434 LIBER
944 385 985 434 vt.
1220 387 1263 434 211

139 518 282 572 russerat
300 505 529 594 impleturum.
558 507 688 570 Interea
708 502 816 568 oritur
835 502 979 568 intentio
1002 503 1092 568 iuter
1111 503 1205 568 illum
1232 517 1265 568 et

140 609 308 696 Phatyren
326 630 367 672 ex
381 607 514 674 Iudaeis
531 629 747 685 conversum,
770 606 829 694 qui
844 605 909 669 iam
925 604 1015 696 regis
1036 604 1125 670 filius
1141 618 1212 670 erat
1227 630 1266 672 ex

140 710 282 775 lavacro.
311 713 461 799 Cumque
484 710 538 775 die
564 710 697 774 sabbati
733 707 867 773 Priscus
897 707 1111 796 praecinctus
1137 709 1263 788 orario,

140 813 269 878 nullum
287 815 323 878 iu
338 837 439 878 manu
459 813 571 878 ferens
587 812 837 889 ferramentum,
860 813 1046 898 Moysaicas
1063 811 1156 902 leges
1171 811 1266 901 quasi

113 912 356 1004 simpleturus,
390 914 571 980 secretiora
596 925 812 1003 conpeteret,
840 911 951 977 subito
978 914 1147 1000 Phatyreu
1171 913 1267 978 adve-

140 1017 257 1097 niens,
280 1017 459 1106 ipsumque
479 1015 592 1106 gladio
619 1039 694 1080 cum
720 1013 820 1079 sociis
848 1013 905 1102 qui
931 1014 1069 1080 aderant
1090 1013 1263 1104 iugulavit.

140 1116 270 1200 Quibus
290 1117 497 1196 interfectis,
520 1118 562 1183 ad
584 1116 757 1182 basilicam
778 1114 885 1179 sancti
913 1114 1031 1180 loliani
1054 1139 1129 1182 cum
1152 1115 1265 1204 pueris

141 1219 226 1302 suis,
248 1219 305 1311 qui
331 1220 373 1285 ad
398 1219 624 1310 propinquam
644 1219 789 1307 plateam
809 1229 896 1296 erat,
924 1217 1085 1308 confugit.
1116 1218 1266 1308 Cumque

140 1319 265 1386 ibidem
280 1321 494 1401 recederent,
521 1321 679 1403 audiunt,
699 1319 790 1410 quod
808 1343 888 1398 rex,
906 1318 1078 1384 dominum
1093 1317 1179 1386 vitae
1198 1344 1265 1385 oes-

102 1447 126 1484 10
141 1447 230 1503 sum,
252 1423 394 1489 famulos
412 1436 581 1514 tamquam
594 1423 825 1488 malefactores
845 1420 1015 1486 abasilioa
1030 1433 1155 1487 tractos
1173 1420 1267 1486 iubet

141 1525 305 1591 interfeci.
329 1529 423 1591 Tunc
444 1549 530 1591 unus
549 1549 590 1590 ex
606 1525 680 1605 his,
700 1522 877 1614 evaginato
894 1523 1021 1612 gladio,
1048 1523 1185 1589 domino
1201 1523 1265 1589 iam
1307 1551 1308 1555 ¹

142 1627 265 1717 fugato,
284 1626 394 1692 socios
420 1650 497 1690 suos
520 1625 708 1705 interfecit,
727 1624 799 1713 ipse
817 1624 1031 1712 postmodum
1058 1647 1133 1689 cum
1153 1623 1266 1715 gladio

141 1729 182 1792 de
200 1729 338 1794 basilica
360 1751 536 1818 egressus;
559 1728 618 1792 sed
638 1729 794 1791 inruente
813 1749 965 1813 superse
984 1725 1127 1813 populo,
1151 1725 1266 1791 crude·

142 1829 219 1894 liter
240 1828 436 1894 interfectus
461 1839 523 1893 est.
555 1829 679 1893 Phater
712 1839 840 1905 autem,
872 1838 1009 1914 accepta
1037 1825 1194 1906 licentia,
1226 1828 1266 1890 ad

102 1958 127 1993 15
143 1955 282 2022 regnum
309 1929 575 2009 Guntehramui,
602 1929 691 1994 unde
723 1941 877 2006 venerat,
902 1938 954 1992 est
981 1949 1175 2018 regressus;
1208 1929 1266 1993 sed

143 2057 211 2098 uon
224 2046 302 2123 post
316 2033 436 2097 multos
457 2033 529 2097 dies
548 2057 564 2095 a
584 2030 779 2120 parentibus
799 2029 907 2095 Prisci
923 2028 1119 2094 interfectus
1136 2042 1197 2094 est.
1259 2082 1262 2089 .

188 2215 232 2279 XI
250 2212 322 2300 (18).
346 2214 451 2301 Igitur
466 2209 568 2301 legati
589 2209 772 2299 Chilperici
789 2209 891 2297 regis,
908 2208 943 2272 id
959 2222 1010 2273 est
1025 2210 1214 2275 Ausoaldus
1235 2223 1269 2275 et

144 2313 403 2404 Domegyselus,
435 2312 492 2402 qui
518 2313 559 2376 ad
588 2309 862 2400 conspiciendam
889 2311 1001 2374 dotem
1037 2310 1070 2374 iu
1098 2310 1267 2400 Hispaniis

102 2487 112 2502 ἢ
145 2419 276 2482 fuerant
294 2414 404 2495 missi,
434 2413 578 2504 regressi
599 2425 688 2480 sunt.
712 2411 724 2502 ll
745 2411 803 2478 His
831 2411 951 2476 diebus
970 2411 1184 2500 Leuvigildus
1212 2428 1402 2478 resonaret.

103 2547 129 2586 aa
144 2519 178 2583 iu
190 2519 338 2584 exercitu
354 2530 470 2582 contra
487 2514 795 2604 Hermenegildum,
816 2513 920 2578 filium
937 2537 1049 2593 suum,
1073 2513 1266 2591 resedebat,

145 2623 197 2687 cui
225 2618 402 2685 Emeritam
436 2618 604 2684 civitatem
643 2615 791 2682 abstulit.
826 2617 908 2681 Nam
939 2615 994 2678 hic
1019 2614 1164 2703 qualiter
1194 2639 1268 2680 cum

144 2725 286 2789 ducibus
311 2720 523 2809 imperatoris
549 2718 682 2807 l'yberii
711 2719 819 2784 luerat
839 2717 1058 2794 coniunctus,
1086 2716 1150 2782 iam
1174 2742 1268 2806 supe-

145 2826 213 2892 rius
231 2823 457 2912 exposuimus.
474 2825 556 2888 Nam
575 2833 608 2886 et
624 2821 743 2910 legatis
757 2822 840 2884 haec
858 2843 955 2884 causa
976 2817 1130 2883 innexuit
1145 2843 1266 2898 moras,

144 2941 182 2994 ut
195 2925 323 2992 tardius
344 2925 614 3014 regrederentur.
634 2921 763 3006 Quibus
781 2920 881 2999 visis,
905 2944 968 3010 ego
986 2919 1150 3002 sollicitus
1164 2944 1266 2997 eram,

105 3057 132 3094 aa
147 3029 291 3118 qualiter
307 3027 342 3092 in
357 3026 440 3116 ipsis
456 3024 668 3102 Christianis,
691 3023 748 3112 qui
773 3023 872 3112 pauci
896 3021 930 3085 in
951 3046 991 3086 eo
1009 3021 1083 3087 loco
1104 3047 1269 3087 remense·

147 3144 233 3211 rant,
245 3130 329 3194 fides
347 3127 472 3195 Christi
488 3128 639 3192 ferveret.
658 3130 765 3209 Quem
777 3127 859 3189 haec
874 3123 1063 3194 Ansoaldus
1076 3124 1266 3212 respondit:

149 3262 165 3297 a
184 3231 386 3309 Christiani,
409 3229 466 3319 qui
483 3254 572 3295 nunc
590 3229 678 3316 apud
693 3228 869 3316 Hispanias
884 3237 1132 3309 conmorautur,
1158 3229 1269 3292 catho-

148 3336 244 3400 licam
257 3334 356 3398 fidem
368 3335 498 3424 integre
512 3344 656 3397 servant.
668 3330 680 3422 ll
690 3331 756 3398 Sed
769 3355 827 3394 rex
839 3354 925 3395 novo
942 3353 1032 3394 nuuc
1049 3328 1187 3420 ingenio
1200 3352 1269 3395 eam
1283 3347 1337 3394 Fur.
1352 3349 1389 3392 uo.

147 3437 266 3501 nititur
279 3436 467 3515 exturbare,
489 3435 566 3500 dum
585 3435 701 3498 dolose
723 3447 756 3498 et
779 3432 820 3497 ad
839 3432 1016 3520 sepulchra
1042 3445 1222 3520 martyrum
1240 3445 1272 3496 et

108 3567 134 3604 ao
149 3541 183 3604 in
208 3537 340 3604 eclesiis
364 3536 544 3628 relegionis
570 3549 703 3602 nostrae
719 3561 815 3602 orare
843 3534 1015 3626 confingit.
1045 3534 1134 3600 Dicit
1155 3534 1270 3599 enim:

150 3669 167 3705 «
191 3640 367 3708 Manifesta
391 3639 545 3729 cognovi,
574 3641 743 3705 Christum
772 3663 845 3702 esse
873 3637 977 3703 filium
1010 3637 1071 3702 Dei
1102 3637 1272 3726 aequalem

150 3743 259 3822 Patri;
278 3743 334 3807 sed
352 3741 514 3830 Spiritum
531 3755 682 3805 sanctum
694 3745 801 3806 Deum
816 3765 889 3806 esse
902 3740 1057 3830 paenitus
1076 3763 1140 3804 uon
1159 3741 1272 3817 credo,

150 3871 189 3912 eo
207 3845 298 3935 quod
316 3847 351 3908 in
366 3843 467 3909 nullis
485 3844 616 3934 legatur
633 3842 808 3908 codicibus
827 3847 918 3908 Deus
937 3867 1021 3908 esse.
1042 3869 1059 3904 »
1082 3843 1172 3920 Heu,
1190 3843 1272 3920 heu,

150 3972 249 4038 quam
262 3946 436 4034 io[i]quam
451 3944 663 4024 sententiam,
678 3969 774 4034 quam
791 3969 997 4009 venenosum
1016 3967 1162 4020 sensum,
1177 3965 1274 4031 quam

108 4079 134 4116 aa
149 4073 249 4142 prava
275 4049 404 4114 mente!
434 4049 476 4113 Et
492 4047 549 4112 ubi
569 4061 620 4112 est
638 4045 721 4111 illud
742 4047 831 4134 quod
848 4049 1013 4111 Dominus
1033 4045 1079 4110 ait
1103 4071 1109 4108 ε
1133 4046 1276 4134 Spiritus

150 4155 240 4219 Deus
264 4152 353 4238 est¹3
376 4163 409 4216 et
430 4150 513 4215 illud
533 4149 640 4229 Petri,
669 4150 759 4237 quod
781 4148 968 4214 hananiam
1002 4148 1075 4212 uit:
1106 4147 1203 4233 Quod
1221 4148 1279 4210 aba

183 4365 203 4410 1.
222 4363 293 4410 loun.
308 4363 335 4416 1,
347 4362 385 4406 111.
