3226 5156
444 407 610 456 HISOEORIAE
625 407 825 458 FRANGORUM
843 406 939 456 LIBER
957 406 998 454 ltss.
1238 397 1282 444 135

163 527 287 590 lseram
305 524 444 592 fluvium
460 523 634 590 exereitus
648 525 815 610 laboriose
829 525 1005 602 transiret,
1031 533 1113 586 nutu
1131 517 1206 588 Dei
1207 515 1280 580 ani·

163 627 228 692 mal
253 650 388 694 amnem
412 627 630 742 ingreditur‚·
647 628 766 694 vadum
798 626 964 705 ostendit3
1002 636 1036 690 et
1062 623 1110 688 sio
1133 621 1294 712 populus¹

163 731 276 800 libor
268 755 303 795 m
321 731 556 798 ulteriorem¹
530 753 635 820 ripam
657 731 853 822 egreditur
864 730 961 814 Quod
977 728 1128 794 videntes
1149 728 1281 815 Lango-
1264 735 1291 782 -1

164 833 273 913 bardi,¹
292 858 356 902 nee
375 833 507 914 morati,
527 834 741 924 evaginantes
755 832 900 924 lgladiis'
919 834 980 898 hos
997 831 1282 919 adpetuntfione

136 961 148 998 ⁵
164 936 333 1027 missoque
347 936 441 1002 ·be'llo
454 967 466 1015 ,·
488 937 616 1002 tantum
632 936 728 1002 ¹eaesi
751 948 847 1014 sunt,
876 948 913 1000 ut
932 935 1090 1002 Rodanus
1115 930 1280 999 sauciatus

161 1039 277 1106 lancea
304 1039 344 1104 ad
366 1039 536 1104 'montium
552 1039 683 1104 excelsa
706 1037 904 1129 confugiret,
933 1035 1158 1102 Exindeeum
1181 1033 1279 1124 quin-

160 1144 271 1231 gentis
287 1141 380 1225 viris,
401 1142 458 1231 qui
474 1143 504 1206 ei
519 1155 759 1220 remanserant,
775 1165 836 1230 per
855 1138 942 1205 divia
961 1138 1115 1202 silvarum
1131 1159 1280 1225 prorum·

165 1268 267 1333 pons,
295 1244 336 1308 ad
355 1247 534 1310 -Zabanem
548 1243 728 1333 pervenit,
743 1299 746 1304 .
760 1243 816 1333 qui
839 1256 928 1307 'tune
955 1242 1072 1308 urbem
1094 1239 1280 1308 Valentiam

161 1346 355 1426 obsidebat;
375 1347 595 1439 narravitque
606 1347 717 1412 omnia
728 1371 812 1436 qnae
829 1359 903 1410 aeta
918 1345 1058 1410 fuerant.
1083 1345 1176 1408 Tune
1191 1341 1278 1407 datis

122 1448 289 1536 inpariter
306 1449 435 1514 eunetis
450 1451 485 1514 in
502 1450 637 1538 praeda,
658 1449 699 1514 ed
718 1449 992 1514 Ebredunensem
1001 1444 1278 1534 urbem-regressi

160 1563 253 1632 sunt;
271 1550 385 1641 ibique
397 1552 444 1616 eis
457 1575 531 1616 uum
549 1551 726 1618 innumero
740 1551 887 1617 exercitu
898 1549 1098 1616 Mummulus
1114 1549 1278 1615 infaciem

157 1654 259 1720 veuit.
296 1654 540 1744 Conmissoque
570 1654 729 1743 proelio,¹
762 1653 1057 1744 Langobardorum
1092 1653 1281 1742 phalangae·

158 1758 315 1846 usquead
335 1756 588 1822 internitionem
605 1781 733 1838 caesae,
754 1781 828 1822 eum
849 1754 963 1844 paucis
981 1754 1083 1819 duoes
1098 1753 1133 1819 in
1144 1753 1292 1820 ltaliam·

158 1871 236 1924 sunt
255 1859 409 1950 regressi.
432 1861 582 1949 Cumque
601 1884 706 1949 usque
733 1859 903 1950 Sigusium
920 1860 1037 1924 urbem
1061 1858 1179 1946 perlati
1195 1858 1277 1924 suis-

121 1985 144 2024 15
160 1974 257 2041 sent,
283 1973 406 2026 eteos
441 1962 571 2027 incolae
595 1961 661 2028 loci
689 1961 791 2027 durae
825 1960 1050 2049 susciperent,
1079 1961 1275 2048 praesertim

158 2063 417 2129 cum-Sisinnius
438 2063 597 2154 magister
614 2063 756 2130 militum
775 2089 792 2128 a
814 2077 912 2152 patre
925 2065 1137 2152 imperatoris
1157 2065 1292 2129 inhae,

157 2168 447 2246 urbe-resediret,
473 2167 658 2234 simulatus
676 2220 677 2224 ,
698 2167 870 2234 Mummoli
901 2191 984 2256 puer
1018 2167 1054 2230 in
1092 2179 1275 2256 conspeetu

156 2269 301 2334 Zabanis.
329 2269 479 2335 Sisinnio
507 2271 653 2336 litteras·
667 2270 809 2362 protulit
836 2270 1052 2358 salutemque
1075 2294 1114 2334 ex
1131 2271 1282 2334 nomine.

155 2372 326 2437 Mummoli
346 2371 452 2450 dedit,
475 2372 591 2438 dicens
611 2401 625 2438 r
646 2401 663 2436 (ι
688 2376 738 2438 En
759 2373 868 2461 ipsum
886 2374 921 2437 in
938 2370 1108 2461 proximo!
1132 2399 1161 2434 n·
1176 2372 1273 2456 Quod

114 2498 140 2535 aa
155 2473 292 2538 audiens
307 2477 417 2538 Zaban
433 2499 531 2541 cursu
547 2477 654 2541 veloci
670 2477 710 2540 ab
729 2477 811 2540 urbe
826 2477 900 2564 ipsa
915 2476 1106 2564 degressus,
1124 2487 1290 2563 praeterr

154 2575 202 2640 iit.
231 2576 289 2642 His
312 2577 453 2657 auditis,
483 2579 585 2660 Amo,
616 2578 756 2644 collecta
789 2577 880 2642 omui
905 2578 1029 2666 praeda
1057 2578 1091 2642 in
1127 2576 1270 2656 itenere,

153 2678 392 2767 proficiscitur3
409 2679 467 2744 sed
487 2679 721 2746 resistentibus
745 2679 896 2758 nivibus,
917 2679 1032 2746 relicta
1052 2681 1195 2794 praeda,
1219 2684 1273 2750 vix

153 2805 225 2846 eum
245 2781 361 2870 paucis
377 2807 554 2872 erumpere
575 2783 694 2871 potuit.
717 2783 873 2848 Exterriti
893 2783 982 2848 enim
997 2797 1092 2848 erant
1115 2783 1271 2852 virtutem

152 2883 334 2950 Mummoli
1001 2905 1003 2910 ’

111 3090 137 3128 rs
194 3015 299 3138 XXXI
317 3067 394 3156 (45).
418 3069 521 3134 Multa
540 3049 628 3150 enim
646 3068 848 3134 Mummulus
862 3069 949 3132 bella
963 3068 1087 3162 gessit,
1097 3069 1132 3140 in
1148 3072 1268 3160 quibus

150 3171 256 3246 victor
271 3169 393 3235 extitit,
411 3169 424 3262 ll
441 3173 534 3238 Nam.
549 3184 625 3260 post
645 3183 788 3236 mortem
804 3170 1010 3251 Chariberti,
1030 3197 1107 3238 eum
1135 3172 1332 3262 Chilpe-F01·
1348 3181 1385 3226 5⁶·

151 3274 409 3338 ricus.Turonus
425 3298 462 3339 ae
483 3274 631 3344 Peutavis
651 3274 864 3364 pervasisset,
887 3299 971 3364 quae
997 3275 1175 3366 Sigyberto
1196 3279 1267 3369 regi

149 3398 210 3462 per
225 3388 359 3465 paetum
379 3375 563 3466 inspartem
583 3390 760 3469 uenerant,
783 3376 986 3455 coniunctus
1002 3403 1060 3442 rex
1076 3377 1088 3468 ll
1106 3380 1178 3468 ipse
1192 3405 1266 3447 eum
1278 3389 1331 3439 Col.
1347 3393 1399 3442 188.

149 3479 402 3544 Guntuhramno
419 3480 514 3551 fratri
531 3505 603 3559 suo,
624 3481 841 3548 Mummulum
852 3480 1000 3570 elegunt,
1018 3483 1075 3571 qui
1092 3482 1153 3548 has
1164 3484 1265 3550 urbes
1284 3471 1290 3522 .'

109 3603 135 3641 ao
149 3579 189 3644 ad
208 3605 321 3646 eorum
342 3581 526 3648 dominium
543 3607 697 3650 revocare
709 3584 858 3649 deberet.
878 3583 942 3666 Qui
953 3586 1104 3650 Toronus
1112 3584 1262 3665 ueniens,

149 3683 260 3774 fugato
279 3683 399 3750 exinde
413 3686 665 3768 Chlodoveeho,
690 3685 887 3774 Chylperici-
899 3685 967 3750 filio
980 3737 987 3766 ,
1002 3691 1264 3778 ¹exacta-,populo
1288 3743 1291 3752 .

149 3787 338 3875 adpartem
363 3787 450 3878 regis
474 3788 643 3878 Sygiberti
663 3802 887 3868 sacramenta,
910 3792 1087 3868 Poetarum
1109 3794 1260 3868 aeoessit.

149 3890 223 3966 Sed.
235 3891 378 3956 Basilius
403 3915 440 3968 ae
469 3893 642 3982 Sigharius
663 3893 805 3970 Peotaui
823 3892 929 3973 cives,
952 3892 1099 3958 'collecta
1117 3893 1265 3968 multitu·
1284 3963 1287 3967 ,

148 3991 237 4070 dine,
259 3992 415 4059 resistere
429 3993 623 4073 noluerunt,
643 4019 727 4082 quos
740 3995 791 4060 de.
802 3995 942 4060 diversis
957 3996 1108 4085 partibus
1125 3995 1277 4072 circum,

108 4117 133 4154 u
147 4093 452 4186 datnsoppraessit,
466 4097 591 4176 obruit,
601 4095 1268 4180 interimit,etsiePeet—avuntaccedens,

148 4211 354 4263 sacramenta
363 4198 474 4288 exigit.
485 4203 577 4264 Hae-e
590 4199 725 4265 interim
736 4201 972 4267 de-Mummulo
984 4199 1258 4266 dieta-sullieiant.¹

177 4366 199 4414 l.
219 4368 288 4414 Corr.
304 4365 463 4428 evaginates.
