3226 5156
393 425 556 482 utsroatla
574 431 773 481 r‘auuuoaru
790 423 886 483 ernau
905 433 944 483 tv.

256 765 260 772 ,
300 753 304 758 .
334 647 551 812 ,ΙΙΝὒιΡίτ
577 659 1000 776 ιιΒἘΒρΰΑΒΤυε.

167 945 193 1008 l.
209 941 323 1034 'Igitur
351 939 608 1008 Chrodschildis
631 942 763 1030 regina,
793 939 892 1028 plena
916 939 1044 1006 dierum
1067 942 1234 1032 bonisque
1244 957 1299 1006 Col.
1309 957 1362 1004 tat.

117 1045 281 1136 operibus
300 1045 468 1136 praedita,
500 1043 587 1133 apud
614 1043 730 1116 urbem
752 1041 949 1110 Toroni'cam
972 1043 1056 1109 obiit
1076 1058 1234 1135 tempore

118 1147 280 1213 Iniuriosi
307 1147 468 1237 episcopi.
497 1151 589 1230 Quae
621 1145 766 1212 Parisius
793 1169 868 1210 cum
903 1161 1024 1235 magno
1056 1147 1235 1235 psallentio

87 1277 102 1317 s
119 1253 314 1340 deportata,
332 1249 365 1315 iu
392 1249 536 1316 sacrario
557 1248 714 1314 basilicae
734 1248 839 1314 sancti
864 1249 953 1316 Petri
973 1249 1014 1318 ad
1034 1249 1120 1315 latus
1138 1250 1235 1317 Chlo·

119 1352 370 1443 dovcchi'regis
396 1353 525 1440 sepulta
549 1363 600 1416 est
626 1375 644 1414 a
672 1349 749 1416 filiis
774 1351 861 1431 suis,
887 1350 1112 1439 Chyldcberto
1135 1364 1236 1442 atque

120 1454 545 1545 chlothacharioregibus.
568 1457 650 1522 Nam
666 1452 836 1520 basilicam
856 1454 945 1520 illam
960 1453 1033 1544 ipsa
1044 1468 1235 1522 construxe⁴

121 1571 173 1626 rat
184 1585 198 1642 ;·
213 1561 248 1625 iu
269 1583 334 1648 qua
353 1571 386 1625 ct
399 1559 584 1630 Genuvefa¹
601 1553 792 1624 beatissima
808 1569 859 1622 est
872 1557 1012 1647 sepulta.

167 1741 208 1806 ll.
229 1739 382 1830 Denique
400 1738 677 1808 Chlothaoharius
693 1763 750 1804 rex
769 1737 952 1819 indixerat,
973 1752 1011 1805 ut
1021 1727 1136 1807 omnes
1152 1742 1235 1808 ecle-

72 1871 101 1911 πο
121 1843 192 1909 siae
211 1843 306 1934 regni
324 1843 375 1908 sui
395 1841 526 1910 tertiam
551 1854 679 1932 partem
702 1841 868 1908 fructuum
895 1841 975 1938 fisco
1000 1841 1232 1910 dissolverent.

121 1947 238 2032 Quod,
258 1946 337 2014 licet
353 1945 468 2026 inviti,
485 1970 559 2011 cum
575 1969 692 2012 omnes
704 1943 854 2034 episcopi
871 1945 1122 2030 consensissent
1137 1960 1235 2037 atque

120 2049 419 2139 subscripsissent,
447 2047 587 2114 viriliter
610 2048 674 2112 hoc
697 2049 813 2114 beatus
840 2047 1024 2113 Iniuriosus
1053 2072 1233 2138 respuens,

119 2152 335 2218 subscribere
356 2151 556 2242 dedignatus
575 2162 644 2230 est,
666 2149 783 2215 dicens
810 2175 817 2214 :
841 2177 858 2212 «
881 2149 917 2215 Si
935 2148 1080 2216 volueris
1098 2174 1150 2216 res
1173 2153 1236 2216 Dei

119 2254 259 2334 tollere,
284 2254 446 2319 Dominus
471 2276 609 2343 regnum
632 2264 724 2316 tuum
746 2251 906 2317 velociter
926 2252 1049 2332 aufert,
1072 2253 1149 2341 quia
1170 2250 1235 2316 ini-

74 2385 102 2424 ra
118 2381 224 2447 quum
244 2370 313 2438 est,
343 2369 378 2422 ut
401 2378 579 2444 pauperes,
608 2378 691 2444 quos
716 2367 775 2419 tuo
797 2354 900 2420 debes
916 2353 1004 2419 alere
1032 2355 1173 2437 horreo,
1195 2355 1235 2418 ab

118 2484 237 2527 eorum
256 2457 342 2548 stipe
360 2470 414 2523 tua
429 2457 441 2545 ll
458 2457 662 2546 repleantur.
683 2483 703 2518 a
729 2458 771 2522 Et
789 2455 893 2521 iratus
913 2468 1028 2522 contra
1044 2463 1157 2546 regem
1173 2479 1235 2522 nec
1247 2474 1301 2524 col.
1314 2474 1367 2523 raa.

117 2562 311 2629 valedicens
325 2563 497 2628 abscessit.
514 2564 606 2627 Tunc
624 2572 808 2626 commotus
825 2585 898 2639 rex,
916 2558 1037 2624 timens
1058 2558 1156 2624 etiarn
1169 2559 1235 2626 vir·
1311 2549 1314 2556 ¹

118 2678 225 2732 tutem
240 2665 329 2731 beati
346 2662 498 2743 Martini,
512 2663 602 2728 misit
617 2674 694 2752 post
704 2687 779 2727 cum
793 2683 867 2728 cuin
884 2663 1090 2741 muneribus,
1105 2661 1234 2726 veniam

117 2791 284 2858 praecans
301 2780 335 2832 et
353 2768 417 2834 hoo
428 2766 517 2856 quod
532 2766 656 2831 fecerat
669 2766 868 2854 dampnans,
880 2764 1044 2853 simulque
1056 2775 1089 2828 et
1100 2787 1233 2853 rogans,

72 2899 102 2937 ec
118 2881 159 2935 ut
175 2893 236 2958 pro
248 2893 285 2932 se
302 2867 456 2933 virtutem
470 2868 558 2932 beati
576 2863 710 2932 Martini
728 2864 893 2931 antestitis
914 2877 1076 2931 exoraret.

170 3051 225 3115 lll.
248 3045 401 3138 Denique
412 3046 485 3136 ipse
500 3071 557 3112 rex
573 3046 614 3112 de
634 3045 774 3111 diversis
792 3044 987 3113 mulieribus
1006 3059 1132 3135 septem
1150 3045 1236 3113 filios

120 3153 250 3233 habuit,
270 3150 304 3216 id
323 3150 425 3216 sstde
441 3149 612 3239 lugundae
630 3147 866 3228 Guntharium,
887 3145 1126 3228 Childericurn,
1150 3149 1237 3215 Cha·

121 3253 301 3332 sibertum,
338 3253 621 3332 Guntlrramnum,
662 3249 875 3342 Sygibertum
912 3261 945 3314 et
980 3249 1237 3316 Chlothsindam

122 3356 242 3438 filiam;
262 3357 304 3421 de
321 3355 519 3446 Aregundae
532 3378 624 3433 vero,
640 3377 787 3419 sororem
801 3352 974 3445 lnguudis,
993 3352 1234 3442 Chilpericum;

75 3491 104 3530 as
121 3459 165 3526 de
183 3459 389 3525 Chunsinani
409 3456 527 3522 habuit
543 3458 757 3522 Chramuum.
776 3458 867 3539 Quae
888 3468 998 3520 autem
1014 3478 1112 3522 causa
1124 3455 1235 3537 fuerit,

121 3576 160 3629 ut
172 3561 285 3628 uxoris
306 3585 382 3625 suae
401 3583 548 3626 sororem
566 3557 727 3648 acciperit
745 3557 905 3623 dieamus.
927 3560 1009 3623 Cum
1030 3558 1093 3622 iam
1112 3560 1236 3648 lugun-

122 3667 199 3731 dem
220 3667 255 3729 in
278 3662 434 3752 coniugio
459 3661 637 3751 accipisset
658 3673 691 3726 et
706 3685 777 3726 eam
801 3659 900 3726 unico
925 3684 1036 3726 amore
1062 3658 1235 3750 diligeret,

124 3765 373 3859 suggestionem
388 3766 429 3829 ab
444 3789 482 3830 ea
499 3763 636 3853 accipit,
656 3763 772 3829 dicens
789 3761 825 3852 εΗ
837 3762 964 3829 ‹vFeeit
978 3763 1133 3828 dominus
1144 3785 1237 3827 meus
1248 3783 1302 3832 Fol.
1316 3786 1354 3831 45.

123 3871 165 3935 de
185 3867 306 3934 ancilla
322 3891 379 3932 sua
397 3867 487 3956 quod
503 3865 604 3932 libuit
622 3878 655 3931 et
668 3891 762 3931 suum
780 3865 898 3931 stratui
918 3863 1068 3932 adscivit.
1084 3866 1181 3932 Nunc
1195 3864 1237 3928 ad

77 4002 107 4040 so
125 3970 347 4062 conplendam
365 3970 572 4050 mercedem,
594 3967 674 4058 quid
697 3969 817 4033 famula
836 3982 894 4034 tua
914 3967 1102 4060 sugllgerat,
1125 3964 1236 4030 audiat
1247 3984 1302 4034 cot.
1314 3985 1368 4032 143.

124 4071 279 4139 dominus
295 4096 387 4136 meus
406 4096 473 4135 rex.
493 4073 636 4136 Praecor
649 4081 685 4134 ut
700 4069 807 4134 sorori
826 4093 934 4149 meae,
959 4093 1070 4134 servae
1092 4080 1234 4146 vestrae,

125 4175 238 4240 utilem
260 4185 358 4262 atque
373 4175 552 4238 habentem
566 4171 672 4238 virum
693 4171 848 4237 ordinare
861 4171 1051 4262 digninrini,
1069 4170 1236 4236 undenon

155 4341 176 4388 1.
191 4343 267 4389 Corr.
282 4339 420 4387 G'snovela.
