3256 5144
418 448 582 497 IIISTOIIIAE
600 447 798 496 FRANCOEUM
815 447 911 496 LIBER
928 448 969 495 VI.
1203 454 1251 499 235

137 566 364 655 episcopatum
394 566 506 631 clerici
533 578 733 632 meruerunt.
765 555 843 630 Erat
865 567 952 630 enim
978 565 1074 656 golae
1096 567 1247 648 deditus,

137 670 229 733 cuius
250 670 330 733 deus
350 681 465 734 venter
481 668 561 750 fuit;
581 669 775 758 nullumque
795 667 859 733 sibi
878 669 1054 734 adserebat
1074 694 1146 734 esse
1169 695 1248 760 pru-

136 770 333 836 dentiorem.
352 771 560 860 Conficitque
580 771 663 836 duos
674 771 791 851 libros,
814 771 906 859 quasi
924 771 1089 838 Sidulium
1108 772 1248 838 medita·

135 885 200 952 tus,
217 897 357 961 quorum
373 873 528 940 versiculi
549 873 676 938 debiles
695 872 795 938 nullis
810 873 953 962 pedibus
968 874 1151 941 subsistere
1169 899 1247 964 pos-

108 988 229 1054 5sunt3
249 975 284 1039 in
308 975 428 1064 quibus
440 1027 448 1056 ,
471 975 550 1040 dum
568 999 636 1039 non
656 974 890 1064 intellegebat,
909 1000 969 1064 pro
989 975 1099 1066 longis
1119 976 1246 1043 sillabis

135 1078 251 1144 breves
271 1076 383 1166 posuit
405 1089 437 1141 et
453 1101 514 1164 pro
530 1078 646 1141 breves
666 1077 783 1167 longas
810 1078 991 1158 statuebat3
1014 1092 1046 1142 et
1068 1078 1130 1144 alia
1150 1104 1246 1169 opus·

135 1179 208 1243 cula
225 1179 275 1244 vel
294 1181 434 1268 hymnos
453 1181 520 1244 sive
537 1178 653 1243 missas
674 1177 795 1259 edidit,
817 1203 900 1267 quae
918 1179 1009 1244 nulla
1026 1180 1153 1247 ratione
1174 1207 1245 1247 sus-

134 1279 200 1370 cipi
221 1295 372 1368 possunt.
393 1283 517 1346 Causas
537 1304 721 1369 pauperum
739 1303 854 1345 exosas
872 1281 1027 1348 habebat.
1048 1284 1247 1350 Sacerdotes

134 1382 268 1449 Domini
297 1384 429 1448 assidue
462 1383 715 1469 blasphemabat
747 1407 809 1447 nec
845 1381 978 1449 aliunde
1011 1387 1132 1476 magis,
1168 1388 1246 1452 dum

8 1473 9 1478 ἵ
95 1511 119 1548 m
135 1485 295 1550 secretius
313 1496 418 1564 esset,
439 1485 614 1550 exercebat
632 1483 770 1548 ridicola
787 1484 837 1548 vel
858 1483 965 1567 iocos,
988 1511 1085 1575 quam
1103 1489 1145 1553 dc
1163 1489 1245 1554 ecle-

135 1585 256 1650 siarum
289 1587 467 1675 episcopis.
501 1584 596 1649 Illum
623 1585 750 1649 ferebat
778 1586 900 1667 levem,
927 1586 1026 1652 alium
1046 1591 1244 1678 superbum,

134 1687 226 1752 illum
256 1688 518 1767 habundantem,
551 1689 651 1751 istum
684 1687 909 1769 luxoriosum3
941 1689 1033 1756 illum
1072 1693 1247 1759 adserebat

134 1791 268 1868 elatum,
292 1792 381 1856 hunc
401 1790 575 1855 tumidum.
606 1791 739 1857 Nullum
772 1791 847 1880 plus
879 1792 957 1858 odio
981 1819 1078 1884 quam
1108 1797 1246 1862 eclesias

133 1894 271 1958 habens.
294 1893 424 1983 Agebat
443 1893 530 1968 enim
546 1893 743 1983 plerumque
770 1920 776 1958 :
803 1921 819 1958 α
837 1896 923 1960 Ecce
943 1920 1069 1987 pauper
1088 1901 1248 1965 remansit

94 2021 118 2058 15
133 1995 232 2061 fiscus
247 2008 373 2076 noster,
396 2021 473 2061 ecce
491 1994 505 2085 Ι]
518 1995 651 2061 divitiae
669 2009 801 2062 nostrae
829 1997 869 2061 ad
888 1999 1024 2064 cclesias
1045 2015 1123 2066 sunt
1142 2016 1246 2069 trans·
1259 2019 1311 2066 Col.
1326 2019 1378 2068 325.

134 2098 235 2178 latae;
248 2097 330 2163 nulli
347 2100 499 2188 paenitus
515 2099 579 2164 nisi
598 2099 659 2165 soli
679 2100 829 2191 episcopi
849 2116 1009 2192 regnant3
1027 2103 1127 2194 periit
1140 2107 1248 2173 honor

134 2213 248 2266 noster
275 2213 308 2265 et
338 2202 515 2266 translatus
546 2215 597 2267 est
630 2203 670 2268 ad
702 2203 878 2292 episcopos
907 2205 1086 2271 civitatum.
1114 2233 1131 2269 u
1159 2212 1247 2275 Haec

134 2327 254 2392 agens,
285 2304 436 2369 assiduae
470 2317 686 2386 testamenta,
715 2330 802 2394 ,quae
829 2307 865 2368 in
889 2306 1027 2372 eclesias
1057 2312 1247 2377 conscribta

135 2418 244 2488 erant,
260 2406 455 2495 plerumque
470 2407 614 2496 disrupit
626 2405 782 2494 ipsasque
797 2406 900 2494 patris
915 2409 966 2472 sui
980 2413 1244 2500 praeceptiones,

90 2523 265 2599 reputans,
287 2510 377 2597 quod
396 2533 463 2572 non
489 2520 675 2574 remaneret
694 2508 751 2598 qui
769 2509 973 2576 voluntatem
993 2513 1063 2578 eius
1081 2529 1244 2599 servaret,

115 2627 230 2697 'saepe
248 2608 395 2674 calcavit.
413 2613 479 2674 Iam
497 2611 538 2674 de
554 2608 687 2676 libidini
706 2623 804 2700 atque
821 2611 947 2677 luxoria
964 2638 1031 2678 non
1046 2628 1157 2704 potest
1175 2643 1246 2708 rep-

8 2767 24 2793 ,.
132 2713 203 2798 peri
218 2711 253 2774 in
272 2710 472 2801 cogitatione
489 2713 578 2800 qnod
595 2737 661 2778 non
675 2726 902 2802 perpetrasset
915 2715 950 2778 in,
968 2740 1081 2805 opere,
1097 2743 1246 2810 novaque

8 3631 10 3712 l

8 3857 10 3892 l

8 3903 10 3926 l

137 2837 268 2901 semper
287 2815 327 2877 ad
341 2814 539 2878 laedendum
557 2816 717 2905 populum
734 2816 868 2906 ingenia
883 2820 1136 2909 perquaeribat3
1157 2848 1243 2906 nam,

138 2916 259 3005 siquos
279 2917 342 2982 hoc
359 2930 508 3005 tempore
527 2918 709 3008 culpabiles
724 2920 939 3010 repperisset,
959 2924 1072 2989 oculos
1088 2927 1135 2990 eis
1155 2927 1245 2993 iube·

93 3045 120 3084 25
135 3021 192 3084 bat
206 3021 289 3083 erui.
310 3022 352 3083 Et
373 3019 408 3083 in
437 3022 742 3110 praeceptionibus,
769 3049 850 3114 quas
870 3025 911 3089 ad
937 3023 1065 3091 iudices
1091 3053 1152 3117 pro
1178 3031 1245 3096 suis

134 3120 333 3186 utilitatibus
355 3121 546 3212 diregebat,
571 3125 652 3191 haec
677 3126 821 3191 addebat
845 3153 851 3189 ε
877 3153 894 3189 «
919 3129 955 3192 Si
978 3128 1052 3217 quis
1067 3146 1245 3221 praecepta

134 3236 247 3288 nostra
261 3223 513 3314 contempserit,
537 3227 708 3292 oculorum
735 3225 916 3319 evulllsione
937 3231 1141 3297 multetur.»
1163 3237 1245 3302 an-
1258 3253 1311 3302 col.
1327 3255 1378 3301 326.

132 3325 200 3390 lum
220 3349 373 3415 nmquam
393 3351 495 3416 purae
515 3329 648 3411 dilexit,
669 3332 797 3396 anullo
824 3331 966 3398 dilectus
987 3346 1058 3415 est;
1082 3333 1242 3427 ideoque,

132 3454 206 3494 curn
224 3429 377 3518 spiritum
405 3431 577 3513 exalasset,
597 3457 712 3499 omnes
733 3460 807 3500 eum
830 3435 1047 3525 reliquerunt.
1076 3439 1244 3507 Mallulfus

89 3555 117 3594 ao
131 3544 239 3596 autem
259 3533 518 3600 silvanectensis
541 3537 735 3625 episcopus,
762 3540 820 3626 qui
839 3538 903 3604 iam
922 3539 1020 3604 tertia
1041 3541 1095 3606 die
1120 3544 1155 3606 in
1175 3556 1244 3611 ten-

130 3633 216 3698 torio
236 3633 404 3701 residebat
424 3650 457 3702 et
479 3637 587 3726 ipsum
608 3637 721 3704 videre
741 3665 809 3705 non
828 3655 971 3731 poterat,
993 3655 1030 3708 ut
1047 3669 1121 3709 eum
1139 3643 1243 3712 inter·

129 3748 276 3825 emptum
298 3737 440 3820 audivit,
460 3740 610 3821 advenit;
633 3742 849 3832 ablutumque
875 3745 1082 3811 vestimentis
1101 3749 1243 3815 meliori-

127 3839 190 3902 bus
205 3838 331 3921 induit,
349 3854 480 3906 noctem
503 3843 538 3907 in
556 3844 688 3932 hymnis
706 3846 900 3928 deductam,
920 3849 955 3913 in
977 3875 1059 3915 nave
1077 3851 1196 3919 levavit
1212 3868 1244 3920 et

126 3943 161 4004 in
187 3941 325 4007 basilica
356 3943 461 4008 sancti
485 3947 659 4028 Vincenti,
689 3973 772 4037 quae
797 3964 847 4014 est
875 3952 1042 4035 ParisiuS,
1072 3955 1240 4043 sepelivit,

84 4072 111 4111 ³5
125 4042 366 4133 Fredegundae
386 4047 501 4135 regina
517 4050 551 4113 in
570 4049 691 4115 eclesia
707 4051 874 4118 derelicta.

128 4213 326 4278 EXPLICIT
374 4217 503 4283 LIBER
550 4221 593 4287 vl
640 4223 807 4288 GEORGI
852 4225 1095 4292 FLORENTIS
1145 4231 1241 4297 SIVE

309 4319 508 4386 GREGORI
540 4323 815 4392 TURONENSIS
845 4328 1055 4394 EPISCOPI.

520 4427 608 4490 DEO
644 4427 843 4494 GRATIAS.
