3220 5158
435 388 599 438 HISTORIAE
617 387 816 436 FRANCORUM
834 387 929 436 LIBER
948 389 979 436 ll.
1233 391 1263 436 19

147 506 236 594 apud
267 505 470 572 Placentiam
504 507 619 572 urbem
655 504 833 594 episcopus
870 504 1053 570 ordinatur.
1093 505 1262 594 Conperto

146 621 275 687 autem,
295 610 385 698 quod
401 609 508 674 adhuc
523 607 703 699 indignans
724 621 858 674 senatus
877 609 944 673 vita
959 631 1034 673 eum
1052 606 1182 696 privare
1198 607 1263 672 vel-

145 708 201 791 lit,
238 709 376 776 basilica
404 711 510 775 sancti
537 709 655 776 loliani
684 709 825 775 Arverni
855 707 1009 798 martyris
1042 734 1117 775 cum
1149 708 1262 774 multis

146 811 341 879 muneribus
361 813 530 901 expetivit.
562 811 630 877 Sed
655 811 793 900 impleto
819 811 855 877 in
881 811 1009 878 itenere
1030 811 1117 896 vitae
1144 836 1262 891 cursu,

118 912 247 992 schim,
277 914 473 1002 delatusque
497 914 538 979 ad
565 915 793 1004 Brivatensem
814 915 942 993 vicum,
982 913 1022 978 ad
1052 914 1156 1003 pedes
1177 925 1265 979 ante·

147 1015 229 1080 dicti
252 1015 404 1104 martyris
433 1029 484 1081 est
510 1015 670 1105 sepultus.
709 1015 769 1080 Cui
804 1015 987 1082 Martianus
1019 1015 1192 1081 successit.
1227 1019 1264 1080 ln

148 1118 268 1184 Galliis
279 1131 388 1184 autem
401 1117 539 1209 Egidius
551 1143 590 1184 ex
599 1117 756 1186 Romanis
768 1117 926 1209 magister
936 1118 1078 1184 militum
1092 1119 1189 1184 datus
1202 1131 1262 1185 est.

192 1355 237 1418 XI
258 1353 332 1442 (12).
355 1351 565 1418 Childericus
582 1377 655 1418 eum
670 1366 758 1418 esset
770 1352 873 1418 nimia
889 1353 924 1418 in
938 1352 1067 1418 luxoria
1084 1353 1267 1419 dissolutus

141 1469 182 1522 -et
200 1467 357 1546 regnaret
383 1480 484 1545 super
508 1458 713 1522 Francorum
734 1469 886 1546 gentem,
913 1455 1025 1544 coepit
1042 1455 1126 1521 filias
1151 1479 1265 1520 eorum

106 1584 134 1622 10
150 1571 305 1649 stuprose
319 1560 463 1624 trahere.
482 1557 497 1656 ΙΙ
513 1557 564 1623 1111
581 1581 714 1648 quoque
725 1560 768 1623 ob
784 1560 847 1624 hoc
863 1557 1092 1648 indignantes,
1106 1558 1148 1623 de
1161 1582 1266 1648 regno
1278 1575 1333 1625 col.
1346 1577 1384 1623 66.

150 1686 226 1727 eum
246 1659 383 1727 eiciunt.
402 1661 571 1750 Conperto
592 1673 718 1742 antem,
741 1661 831 1750 qnod
854 1685 928 1726 enm
949 1661 1047 1726 etiam
1068 1661 1267 1726 interfecere

149 1765 293 1844 vellent,
321 1763 536 1854 Thoringiam
563 1763 676 1852 petiit,
712 1763 906 1854 relinquens
935 1762 982 1828 ibi
1014 1765 1183 1828 hominem
1202 1762 1266 1828 sibi

151 1889 281 1946 carum,
308 1867 366 1954 qui
383 1866 529 1932 virorum
553 1865 733 1930 furentium
754 1865 880 1930 animos
903 1865 1014 1931 verbis
1034 1865 1166 1930 lenibus
1187 1865 1267 1930 mol-

150 1967 212 2033 lire
237 1967 364 2056 possit}
393 1968 476 2032 dans
500 1969 598 2032 etiam
626 1967 776 2058 signum,
804 1970 939 2059 quando
961 1967 1070 2034 redire
1094 1970 1202 2057 possit
1233 1968 1266 2032 in

109 2097 137 2136 15
150 2070 311 2160 patriam;
339 2069 373 2135 id
399 2083 450 2136 est
479 2069 663 2136 diviserunt
689 2071 786 2136 simul
806 2095 910 2135 unum
930 2095 1088 2150 aureum,
1117 2083 1150 2135 et
1168 2095 1267 2136 unam

152 2173 288 2262 quidem
308 2185 436 2262 partem
454 2196 566 2238 secum
585 2172 707 2238 detulit
724 2172 954 2251 Childericus,
977 2173 1073 2238 aliam
1094 2197 1172 2237 vero
1191 2197 1267 2262 par-

151 2288 219 2341 tem
239 2274 364 2340 amicus
383 2275 452 2340 eius
469 2275 630 2355 retenuit,
652 2275 768 2341 dicens
791 2302 797 2338 ι
822 2301 839 2338 c
858 2276 1000 2360 Quando
1025 2275 1160 2365 quidem
1182 2277 1267 2340 hanc

152 2391 281 2467 partem
303 2377 365 2442 tibi
389 2377 527 2457 misero,
551 2389 730 2466 partesque
756 2377 952 2444 coniunctae
977 2401 1079 2443 unum
1104 2377 1268 2443 efficerint

153 2481 322 2560 scledum,
357 2492 438 2544 tunc
464 2493 500 2544 tu
528 2504 645 2546 securo
674 2479 784 2545 animo
817 2481 852 2544 in
885 2479 1025 2569 patriam
1046 2479 1226 2569 repetebis.
1248 2507 1266 2543 r

110 2608 138 2646 aa
152 2583 279 2648 Abiens
289 2605 368 2672 ergo
384 2580 418 2646 in
427 2581 654 2671 Thoringiam‚
668 2582 756 2671 apud
772 2605 885 2672 regem
901 2581 1052 2646 Bisinum
1063 2605 1266 2671 uxoremque

153 2685 224 2751 eins
240 2684 395 2750 Basinam
411 2685 517 2750 latuit.
535 2685 687 2774 Denique
703 2685 839 2763 Franci,
855 2684 1096 2750 hunceiectnm
1113 2683 1268 2773 Egidium

153 2785 235 2867 sibi,
253 2809 351 2876 quem
370 2785 522 2875 superius
533 2786 728 2876 magistrum
739 2785 881 2850 militum
900 2811 917 2851 a
935 2811 970 2850 re
986 2785 1268 2874 publicamissum

152 2887 313 2969 diximus,
337 2887 552 2954 unianimiter
584 2913 696 2980 regem
728 2889 929 2954 adsciscunt.
961 2889 1026 2972 Qui
1054 2912 1128 2952 cum
1153 2901 1269 2953 octavo

153 3017 241 3057 anno
259 3015 359 3081 snper
374 3015 431 3056 eos
450 3004 622 3081 regnaret,
643 2990 768 3057 amicus
786 2992 843 3056 ille
863 2991 992 3070 fidelis,
1012 2991 1139 3080 pacatis
1160 2991 1269 3055 occul-

111 3120 139 3159 as
153 3108 207 3160 tae
226 3093 382 3173 Francis,
407 3093 547 3159 nuncios
572 3095 612 3160 ad
635 3093 862 3160 Childericum
884 3118 958 3159 cum
976 3106 1069 3182 parte
1090 3094 1146 3159 illa
1172 3093 1271 3159 divisi

156 3197 262 3263 scledi
281 3220 380 3286 qnam
406 3209 596 3260 retenuerat
618 3195 718 3261 misit.
742 3196 801 3261 llle
826 3221 905 3262 vero
938 3209 1030 3261 certa
1061 3220 1270 3286 cognoscens

156 3299 298 3380 indicia,
316 3299 407 3388 qnod
425 3322 443 3362 a
460 3298 596 3364 Francis
617 3299 884 3378 desideraretur,
914 3297 997 3387 ipsis
1024 3297 1122 3362 etiam
1149 3323 1270 3388 rogan-

155 3403 263 3482 tibus,
282 3425 299 3466 a
320 3401 502 3493 Thoringia
522 3426 712 3492 regressus,
738 3401 772 3467 in
791 3427 895 3492 regno
916 3426 975 3467 suo
1002 3414 1053 3466 est
1084 3400 1268 3466 restitutus.

156 3504 213 3570 His
229 3528 308 3595 ergo
328 3505 564 3595 regnantibus,
589 3503 687 3570 simul
705 3503 826 3570 Basina
845 3503 903 3568 illa
920 3526 1018 3593 quam
1035 3527 1135 3592 supra
1150 3528 1271 3568 memo·

113 3631 142 3672 ao
156 3605 318 3687 ravimus,
339 3608 456 3672 relicto
473 3607 544 3672 viro
564 3631 641 3686 suo,
670 3606 711 3672 ad
738 3605 965 3671 Childericum
982 3605 1084 3670 venit.
1109 3606 1173 3689 Qui
1197 3630 1272 3672 cum

158 3708 300 3775 sollicite
319 3709 562 3800 interrogaret,
584 3733 649 3798 qua
669 3710 710 3775 de
729 3732 830 3774 causa·
844 3707 857 3798 Η
875 3707 915 3772 ad
935 3732 1010 3772 eum
1025 3719 1116 3771 tanta
1135 3706 1273 3797 regione
1285 3727 1339 3776 Fol.
1353 3727 1418 3775 rar

156 3811 319 3892 venisset,
346 3811 560 3900 respondisse
587 3810 725 3875 fertur:
756 3841 772 3873 a
807 3811 908 3890 Novi,
934 3809 1061 3899 inquit,
1095 3808 1273 3874 utilitatem

156 3925 265 3994 tuam,
287 3912 377 4003 quod
398 3911 442 3977 sis
464 3913 558 3978 valde
583 3924 755 3992 strenuus,
784 3911 928 4001 ideoque
949 3911 1043 3992 veni,
1069 3923 1106 3975 ut
1126 3912 1273 3976 habitem

157 4025 278 4080 tecum.
308 4017 391 4082 Nam
413 4015 563 4094 noveris,
591 4013 618 4078 si
642 4015 676 4080 in
700 4013 932 4079 transmarinis
957 4015 1109 4102 partibus
1130 4013 1274 4101 aliquem

117 4143 144 4186 aa
158 4114 389 4207 cognovissem
409 4115 578 4181 utiliorem
595 4115 674 4196 tibi,
698 4118 898 4206 expetissem
916 4114 1032 4204 utique
1054 4113 1276 4180 cohabitatio-

160 4239 236 4286 nem
254 4218 335 4284 eius.
361 4245 378 4282 »
397 4218 439 4284 At
457 4217 513 4284 ille
528 4219 679 4310 gaudens
697 4242 768 4283 eam
781 4218 845 4284 sibi
864 4218 899 4282 in
918 4217 1076 4307 coniugio
1097 4216 1274 4306 copolavit.

1179 4346 1190 4380 ·l
