3238 5140
375 409 404 455 18
658 398 1040 452 enecontluuuonnnsrs
1057 399 1207 448 EPISCOPI

372 522 433 590 Dei
457 521 684 610 conprobavit.
708 521 760 585 Ab
778 519 844 583 illis
862 518 951 582 enim
969 517 1087 582 diebus
1101 516 1282 582 Christiani
1299 519 1386 608 apud
1406 520 1484 584 civi·

371 637 472 690 tatem
492 628 672 689 Romanam
694 647 766 688 esse
784 633 978 710 coeperunt.
1002 622 1084 684 Cum
1099 631 1208 684 autem
1223 643 1343 685 nomen
1361 621 1484 686 Christi

371 751 431 816 per
445 726 587 816 populos
606 724 710 816 magis
731 749 768 789 ac
789 723 893 814 magis
914 722 1121 801 dilataretur,
1143 720 1250 787 oritur
1273 735 1388 788 eontra
1403 725 1484 788 haec

371 829 526 917 antiquae
547 827 712 917 serpentis
733 826 868 907 invidia,
892 838 926 889 et
945 823 1024 889 totis
1048 849 1082 888 se
1100 823 1312 913 imperatoris
1330 849 1483 914 praecor·

370 931 434 996 diis
455 929 592 996 inmittit
619 953 714 995 saeva
745 928 945 1018 malignitas.
973 930 1054 994 Nam
1080 929 1168 993 Nero
1193 927 1249 992 ille
1279 927 1511 1008 luxoriosus,5

369 1058 471 1098 vanus
501 1046 599 1123 atque
620 1034 784 1122 superbus
804 1031 950 1096 virorum
967 1030 1111 1094 succuba
1133 1042 1166 1094 et
1190 1055 1320 1096 rursum
1341 1033 1484 1096 virorum

369 1138 549 1224 appetitor,
571 1135 700 1217 matris,
730 1119 881 1199 sororum
906 1156 943 1196 ac
962 1130 1186 1220 proximarum
1204 1156 1355 1222 quaeque
1373 1132 1483 1198 mulie·
1600 1147 1602 1222 p

369 1262 440 1301 rum
475 1237 709 1326 spurcissimus
736 1236 889 1314 violator,
914 1234 954 1298 ad
982 1233 1214 1322 complendam
1240 1234 1385 1300 malitiae
1409 1261 1483 1302 suae

369 1340 488 1404 molem
508 1338 635 1427 primus
654 1351 770 1403 contra
787 1336 912 1402 Christi
930 1335 1055 1401 cultum
1076 1338 1343 1424 persecutionem
1365 1340 1485 1403 excitat

368 1441 402 1506 iu
421 1443 608 1508 credentes.
627 1444 778 1506 Habebat
789 1440 877 1504 enim
894 1463 1006 1505 secum
1022 1441 1201 1526 Symonem
1216 1464 1360 1530 magum,
1379 1443 1482 1506 virum
1499 1466 1523 1503 io

368 1543 470 1608 totius
484 1544 633 1609 maliciae
645 1558 678 1609 et
689 1545 796 1609 omnis
808 1542 956 1632 magicae
972 1543 1051 1606 artis
1068 1556 1264 1632 argumento
1276 1545 1479 1634 magistrum.

295 1720 298 1728 ι
368 1649 463 1711 Hunc
482 1646 599 1711 elisum
624 1671 685 1735 per
704 1645 875 1734 apostulos
902 1643 1036 1708 Domini
1057 1647 1191 1709 Petrum
1210 1658 1309 1734 atque
1327 1647 1480 1724 Paulum,

368 1761 552 1812 commotus
573 1760 687 1812 contra
703 1772 772 1824 eos,
796 1772 855 1811 eur
872 1745 1042 1811 Christum
1055 1745 1159 1810 filium
1174 1747 1235 1812 Dei
1251 1745 1482 1836 praedicarent

367 1861 400 1913 et
429 1849 516 1914 idola
543 1850 681 1914 adorare
706 1861 976 1926 contemnerent,
1003 1852 1138 1913 Petrum
1167 1873 1315 1929 crucem,
1346 1851 1480 1915 Paulum

248 1951 477 2040 C01.21.gladio
512 1951 605 2016 iubet
636 1950 800 2016 interfeci.
836 1953 911 2038 lpse
941 1975 1074 2038 quoque
1092 1950 1104 2040 ll
1122 1950 1297 2016 excitatam
1321 1977 1422 2041 super
1446 1977 1479 2017 se
1495 1979 1520 2017 15

367 2052 571 2117 sedicionem
587 2052 714 2143 t'ugire1
732 2064 912 2141 temptans,
926 2066 1044 2141 quarto
1061 2054 1101 2117 ab
1117 2055 1207 2120 Urbe
1223 2055 1335 2143 lapide
1346 2056 1479 2145 propria

365 2179 400 2218 se
416 2179 513 2219 manu
534 2154 712 2220 interfecit.

408 2338 522 2404 XXVI.
547 2339 572 2400 T
575 2359 639 2400 unc
660 2337 816 2414 lacobus,
840 2335 940 2400 frater
956 2335 1111 2415 Domini,
1135 2350 1167 2402 et
1187 2339 1318 2402 Marcus
1335 2361 1480 2430 euange-

363 2435 439 2502 lista
466 2463 527 2525 pro
553 2436 678 2502 Christi
702 2437 836 2502 nomine
861 2437 1009 2528 glorioso
1036 2438 1191 2526 martyrio
1214 2439 1364 2504 coronati
1390 2454 1476 2505 sunt.

363 2539 492 2605 Primus
522 2552 633 2604 tamen
658 2539 805 2604 omnium
832 2541 917 2606 hanc
944 2540 1029 2605 viam
1052 2540 1150 2606 levita
1177 2541 1331 2608 Stelanus
1358 2557 1523 2610 marterso
1599 2543 1601 2588 ⁴

363 2643 507 2708 intravit.
523 2646 642 2732 Magna
656 2656 733 2730 post
750 2643 861 2708 lacobi
874 2643 1016 2731 apostoli
1027 2669 1142 2708 necem
1161 2645 1299 2711 ludaeos
1311 2648 1479 2713 calamitas

362 2745 517 2810 adsecuta
536 2758 597 2810 est.
616 2747 698 2810 Nam
714 2745 904 2809 advenienti
920 2746 1125 2834 Vespasiano
1144 2759 1177 2810 et
1190 2749 1350 2836 templum
1367 2749 1479 2816 ineen-

362 2872 433 2912 sum
454 2860 520 2926 est,
548 2860 582 2911 et
601 2860 756 2911 sexcenta
772 2846 862 2911 milia
883 2848 1079 2913 ludaeorum
1103 2861 1136 2912 et
1155 2849 1243 2914 bello
1262 2863 1295 2916 et
1313 2852 1426 2942 gladio
1447 2866 1480 2919 et

363 2951 446 3014 lame
460 2949 581 3014 adfecti
593 2962 681 3013 sunt.
700 2949 918 3015 Domicianus
930 2963 1039 3017 autem
1051 2952 1218 3017 secundus
1227 2957 1477 3040 postNeronem

361 3050 396 3114 in
405 3049 623 3116 Christianis2
633 3050 727 3129 sevit,
740 3052 921 3116 Iohannem
931 3052 1118 3141 apostolum
1128 3053 1161 3117 in
1171 3053 1311 3119 insolam
1322 3058 1479 3122 Pathmos
1495 3085 1526 3123 25

362 3153 488 3243 relegat
501 3154 536 3216 in
558 3151 692 3217 exilium
711 3164 744 3216 et
760 3151 907 3218 diversas
928 3153 1135 3220 crudilitates
1150 3155 1185 3219 in
1202 3157 1346 3244 populus
1362 3158 1476 3249 agitat.

375 3254 388 3344 Η
405 3259 486 3320 Post
505 3256 598 3319 euius
619 3268 758 3319 mortem
777 3256 893 3320 beatus
912 3256 1070 3322 Iohannis
1093 3259 1263 3344 apostolus
1285 3273 1317 3324 et
1338 3285 1480 3351 euange-

361 3355 436 3419 lista
457 3357 498 3420 de
521 3356 619 3421 exilio
644 3356 762 3434 rediit;
785 3358 841 3447 qui
868 3384 969 3424 senex
993 3373 1026 3424 et
1048 3360 1167 3448 plenus
1197 3360 1325 3428 dierum
1347 3365 1478 3452 perfec-

360 3468 479 3546 taeque
496 3458 530 3521 in
547 3461 652 3522 Deum
675 3458 760 3523 vitae
778 3460 891 3525 vivens
908 3486 943 3524 se
962 3461 1119 3549 deposuit
1136 3461 1169 3525 in
1184 3464 1394 3552 saepulchro.
1416 3466 1478 3531 Hic

361 3559 464 3622 fertur
492 3583 559 3625 non
578 3573 712 3649 gustare
732 3574 891 3640 mortem,
914 3562 1021 3626 donec
1043 3563 1171 3627 iteratis
1201 3565 1363 3630 Dominus
1389 3565 1477 3634 indi·
1495 3596 1527 3636 ao

360 3675 493 3726 eaturus
518 3662 682 3742 adveniat,
711 3663 785 3754 ipso
810 3663 845 3728 in
870 3664 1055 3754 euangeliis
1084 3665 1128 3729 ita
1148 3666 1273 3733 dicenti
1301 3695 1308 3734 ε
1329 3672 1476 3736 Siccam

359 3763 428 3830 volo
447 3789 593 3845 manere,
608 3766 709 3831 donec
726 3771 851 3830 veniam
866 3767 889 3830 ³.

402 3949 532 4013 XXVII.
559 3946 691 4013 Tertius
715 3961 792 4036 post
816 3951 982 4015 Neronem
1007 3949 1275 4038 persecutionem
1302 3950 1335 4015 in
1362 3952 1475 4018 Chris·

358 4046 467 4113 tianus
495 4048 654 4114 Traianus
680 4049 800 4130 movit,
828 4051 978 4140 subque
1014 4053 1130 4116 beatus
1164 4052 1317 4118 Clemens
1351 4055 1472 4122 tertius

363 4209 493 4223 ψ

388 4281 409 4329 l.
425 4284 493 4330 Corr.
509 4283 605 4346 lugere.
618 4307 648 4318 -
660 4285 683 4332 ἱ).
699 4287 769 4332 Corr.
783 4284 954 4334 Christianos.
968 4310 996 4321 «-
1010 4288 1032 4332 3.
1047 4287 1117 4334 loon.
1132 4288 1173 4344 ⁶21,
1188 4289 1225 4335 22.
