3220 5158
356 436 385 480 5t
640 431 796 480 GREGORII
815 431 1021 480 TURONENSIS
1037 429 1187 478 EPISCOPI

355 556 412 596 tum
424 548 548 612 pincerna
557 548 688 611 poculum,
703 546 739 594 ait
752 563 757 594 :
771 563 782 594 u
796 547 902 608 Domine
912 547 956 604 mi,
968 547 1022 594 ridi
1033 547 1171 610 somnium,
1188 562 1277 610 quem,
1290 545 1312 592 si
1325 545 1467 610 permittis,

356 612 456 659 edicam
468 627 472 658 :
487 611 612 658 Videbam
622 611 671 658 heo
682 616 756 656 nocte
768 609 910 665 dominica,
925 615 950 655 et
961 625 1018 656 eece
1029 615 1084 656 erat
1094 609 1186 656 domus
1200 625 1307 672 magna,
1319 614 1344 655 et
1353 608 1380 654 in
1393 607 1470 656 domo

356 679 412 721 erat
422 674 530 721 thronus
543 673 657 735 positus,
671 672 698 719 in
708 688 759 734 quo
769 672 844 734 quasi
856 671 933 718 iudex
944 671 1075 718 residebat
1085 672 1184 718 cunctis
1192 677 1320 734 potestate
1332 677 1470 733 praestan-

355 736 416 790 tior,
432 736 473 782 cui
488 735 651 782 adsistebant
665 735 740 781 multi
759 734 923 780 sacerdotum
934 733 960 780 in
974 733 1041 780 albis
1055 733 1186 792 vestibus,
1203 733 1248 780 sed
1265 739 1290 780 et
1306 732 1470 796 promiscuae

356 797 514 861 populorum
526 797 618 844 turbae
637 797 712 844 valde
727 796 940 844 innumerabiles.
960 796 1055 843 Verum
1067 812 1126 842 cum
1143 797 1207 843 haec
1222 795 1340 859 trepidus
1353 799 1470 842 contem·
1483 792 1497 828 5

356 861 453 924 plarer,
466 859 597 922 conspicio
608 859 708 906 eminus
721 858 841 906 intereos
854 859 959 905 beatum
971 859 1075 905 adstare
1093 858 1239 916 Sidonium,
1255 865 1280 906 et
1296 873 1355 905 oum
1367 857 1471 920 presbi-

356 929 412 970 tero
423 922 469 970 illo
480 921 530 969 tibi
538 921 687 978 carissimo,
703 922 746 984 qui
762 926 820 967 ante
834 921 882 968 hos
896 936 992 983 paucos
1008 936 1090 968 annos
1107 920 1138 967 de
1155 920 1314 968 boemundo
1333 919 1469 982 migravit,

357 985 460 1032 adtente
476 984 630 1046 litigantem.
650 983 705 1038 Quo
722 982 836 1040 devicto,
852 983 924 1030 iubet
941 998 997 1038 rex,
1017 989 1046 1030 ut
1065 983 1091 1029 in
1110 983 1189 1030 bimis
1209 983 1320 1030 carceris
1341 981 1471 1044 angustiis

356 1047 518 1102 retrudatur;
534 1047 671 1109 ablatoque
684 1046 743 1101 isto,
757 1051 847 1092 contra
858 1051 883 1092 te
891 1045 985 1092 iterum
999 1051 1130 1107 suggeret,
1144 1044 1241 1100 dicens,
1251 1051 1275 1094 te
1288 1045 1314 1091 in
1325 1060 1354 1092 eo
1365 1043 1470 1101 scelere,

356 1114 465 1172 propter
477 1109 545 1171 quod
555 1108 628 1170 prior
638 1107 683 1155 ille
691 1109 829 1155 damnatus
843 1109 938 1168 fuerat⁷
952 1106 1032 1154 luisse
1047 1107 1210 1180 participem.
1222 1108 1316 1154 Verum
1325 1106 1371 1154 ubi
1385 1107 1469 1161 iudex,
1488 1108 1515 1146 1⁰

357 1187 434 1234 quem
448 1171 481 1218 ad
495 1177 520 1218 te
532 1169 733 1226 transmitteret,
750 1169 860 1217 sollicite
880 1169 966 1232 coepit
985 1169 1130 1232 inquirere,
1149 1185 1198 1232 ego
1214 1185 1255 1216 me
1271 1169 1339 1216 inter
1357 1169 1471 1232 reliquos

357 1233 472 1280 occolere
481 1233 553 1295 coepi
564 1239 589 1280 et
601 1249 616 1279 a
627 1239 702 1305 tergo
713 1232 785 1287 steti,
796 1238 913 1279 tractans
925 1232 995 1294 apud
1008 1237 1103 1279 memet
1114 1232 1214 1295 ipsum,
1227 1248 1258 1278 ue
1270 1233 1334 1280 forte
1351 1247 1413 1294 ego,
1427 1231 1472 1294 qui

356 1301 433 1343 notus
447 1311 505 1342 sum
514 1295 627 1350 homini,
641 1301 739 1342 mittar.
754 1295 820 1341 Dum
832 1295 895 1341 baec
908 1310 1009 1341 mecum
1020 1294 1115 1341 tacitus
1127 1295 1271 1350 volverem,
1286 1294 1379 1341 amotis
1392 1293 1472 1341 omni·

357 1358 419 1415 bus,
431 1357 544 1404 remansi
555 1357 626 1404 solus
636 1357 662 1404 in
672 1356 778 1420 publico
790 1363 947 1419 vocatusque
957 1373 973 1403 a
983 1355 1067 1402 iudice
1073 1357 1181 1418 propius
1190 1356 1292 1404 accedo.
1304 1357 1383 1404 Cuius
1392 1355 1472 1403 virtu·

356 1427 408 1468 tem
419 1427 495 1492 etque
507 1419 672 1482 splendorem
679 1425 812 1474 contuens,
820 1419 893 1481 coepi
903 1419 964 1466 ebes
974 1418 1080 1465 effectus
1092 1419 1205 1466 titubare
1213 1435 1276 1482 prae
1286 1425 1365 1466 metu.
1372 1419 1404 1466 ut
1412 1417 1470 1465 ille:
1488 1421 1515 1458 15

359 1483 422 1529 «Ne
438 1488 544 1537 timeas,
564 1497 637 1546 puer,
661 1481 765 1544 inquid,
785 1481 829 1528 sed
849 1481 928 1538 vade,
943 1481 984 1528 dic
1019 1481 1146 1529 resbitero
1160 1480 1200 1528 illi
1219 1497 1224 1528 :
1240 1481 1302 1528 Veni
1315 1481 1348 1528 ad
1363 1496 1472 1543 respon-

357 1544 468 1592 dendam
485 1559 606 1600 causam,
620 1543 681 1606 quia
689 1542 811 1592 Sidonius
823 1550 848 1590 te
860 1543 981 1590 accersiri
1009 1549 1144 1605 eprecatus
1157 1550 1204 1590 est.
1217 1544 1255 1590 Tu
1265 1559 1326 1590 vero
1334 1557 1473 1590 nemorum

358 1606 438 1653 facias
449 1607 481 1653 ad
495 1607 622 1660 eundum,
637 1606 698 1668 quia
711 1606 760 1653 sub
773 1605 866 1667 grandi
876 1605 1059 1652 testificatione
1074 1605 1137 1653 mihi
1150 1605 1283 1668 praecepit
1297 1621 1343 1654 rex
1353 1605 1398 1653 ille
1409 1605 1473 1652 haec

358 1669 442 1731 loqui,
459 1668 566 1716 dicens:
590 1669 617 1716 Si
633 1669 759 1724 tacueris,
781 1675 863 1715 morte
882 1667 997 1730 pessima
1016 1667 1144 1715 morieris.
1166 1683 1178 1713 u
1198 1669 1266 1716 llaec
1288 1684 1318 1714 eo
1338 1668 1471 1730 loquente,

358 1731 495 1778 exterritus
512 1731 650 1794 presbiter,
669 1731 788 1793 elapsum
805 1731 836 1776 de
857 1745 935 1776 manu
960 1729 1080 1784 calicem,
1103 1729 1217 1777 reddidit
1239 1730 1373 1793 spiritum,
1394 1745 1423 1776 ac
1442 1729 1473 1776 de
1487 1731 1515 1768 2⁰
1601 1755 1602 1766 r

357 1794 475 1840 recubitu
488 1793 591 1840 ablatus
604 1798 722 1840 mortuus
736 1793 885 1865 sepulturae
898 1792 1037 1838 mandatus
1052 1797 1103 1848 est,
1118 1791 1289 1854 possessurus
1305 1793 1438 1840 internum
1454 1795 1464 1852 ΙΙ

357 1871 416 1902 eum
430 1856 542 1902 satellite
556 1871 609 1902 suo.
624 1855 686 1902 Tale
696 1855 822 1901 iudicium
833 1870 911 1917 super
923 1860 1087 1901 contumaces
1102 1854 1209 1901 clericos
1227 1854 1352 1902 Dominus
1364 1855 1390 1901 in
1405 1854 1474 1901 hune

357 1918 483 1965 mundum
497 1917 634 1980 praetulit,
651 1923 678 1963 ut
695 1934 762 1964 unus
783 1916 852 1963 Arrii
868 1916 1005 1963 sortiretur
1017 1923 1140 1972 mortem,
1155 1917 1222 1963 alius
1234 1923 1369 1980 tamquam
1385 1916 1475 1964 Simon

356 1979 448 2042 Magus
462 1979 574 2042 apostoli
583 1980 665 2026 sancti
679 1980 795 2027 oratione
806 1978 839 2025 ab
850 1978 950 2025 excelsa
960 1994 1018 2025 arce
1030 1979 1167 2041 superbiae
1176 1995 1301 2042 praeceps
1313 1979 1472 2026 allideretur.

357 2041 406 2096 Qui
417 2059 469 2089 non
481 2041 650 2103 ambiguntur
662 2042 762 2105 pariter
773 2040 908 2102 possidere
923 2047 1065 2098 tartarum,
1084 2041 1128 2105 qui
1142 2041 1219 2088 simul
1236 2047 1345 2104 egerunt
1356 2041 1475 2104 nequiter
1489 2041 1518 2080 25
1601 2091 1602 2104 ,

357 2111 449 2152 contra
462 2111 581 2150 sanetum
592 2104 744 2166 episcopum
753 2119 837 2150 suum.

387 2167 489 2214 interea
501 2182 560 2212 cum
571 2166 625 2212 iam
636 2172 721 2213 terror
731 2167 890 2213 Francorum
903 2169 1037 2212 resonaret
1052 2165 1077 2211 in
1091 2165 1131 2212 bis
1144 2166 1278 2227 partibus,
1293 2173 1318 2213 et
1330 2182 1419 2213 omnes
1431 2182 1474 2213 eos

357 2245 445 2276 amore
457 2227 626 2275 desiderabili
639 2228 759 2290 cupirent
768 2243 891 2290 regnare,
905 2234 1010 2276 sanctus
1022 2227 1187 2275 Abruueulus
1198 2228 1353 2290 Lingonicae
1361 2228 1474 2276 civitatis

357 2291 495 2354 episcopus
506 2291 576 2353 apud
589 2291 786 2353 Burgundiones
797 2288 882 2352 eoepit
894 2289 985 2336 baberi
998 2297 1144 2352 suspectus.
1161 2289 1275 2354 Cumque
1286 2291 1374 2338 odium
1387 2291 1418 2336 de
1432 2290 1474 2337 die

356 2352 383 2400 in
395 2353 464 2400 diem
477 2359 616 2410 cresceret,
628 2353 730 2400 iussum
742 2358 794 2408 est,
812 2358 842 2399 ut
854 2352 922 2399 clam
934 2351 1022 2414 gladio
1037 2352 1166 2399 feriretur.
1180 2352 1237 2407 Quo
1254 2354 1286 2400 ad
1302 2369 1362 2400 eum
1392 2353 1473 2400 erlato
1489 2353 1518 2391 3⁰

356 2416 459 2472 nuntio,
473 2421 547 2462 nocte
564 2432 580 2462 a
595 2422 681 2462 castro
699 2414 848 2463 Divionensi
867 2431 914 2477 per
931 2430 1035 2462 murum
1049 2414 1187 2471 demissus,
1208 2416 1338 2462 Arvernus
1355 2369 1472 2473 advenit,

356 2477 444 2540 ibique
456 2477 527 2525 iuxta
541 2478 651 2525 verbum
668 2476 784 2535 Domini,
799 2475 868 2540 quod
888 2476 977 2540 posuit
992 2476 1075 2524 inore
1093 2478 1175 2524 sancti
1194 2477 1306 2535 Sidonii,
1322 2478 1473 2525 undecimus

357 2539 435 2588 datur
447 2540 594 2603 episcopus.

401 2684 474 2748 XVl
488 2680 564 2768 (24).
578 2684 741 2768 Tempore
752 2680 881 2745 Sidonii
893 2679 1042 2768 episcopi
1055 2704 1174 2770 magna
1190 2680 1418 2770 Burgundiam
1432 2681 1474 2744 fa·

358 2781 419 2848 mis
433 2783 631 2872 obpraessit.
649 2784 798 2871 Cumque
814 2783 929 2872 populi
945 2807 1005 2871 per
1015 2782 1162 2848 diversas
1176 2783 1331 2873 regiones
1349 2782 1475 2870 disper·

358 2899 528 2975 gerentur,
540 2910 601 2950 nec
611 2897 699 2950 essct
709 2885 796 2949 ullus
808 2885 865 2972 qui
876 2886 1079 2974 pauperibus
1090 2885 1279 2950 alimoniam
1288 2885 1473 2976 largiretur,
1491 2911 1521 2950 es

359 2986 514 3052 Ecdicius
528 2987 662 3077 quidam
674 3011 713 3050 ex
724 2985 952 3066 senatoribus,
970 2985 1067 3050 huius
1086 2987 1308 3077 propinquus,
1322 3013 1474 3079 magnam

359 3102 438 3155 tunc
458 3115 527 3154 rem
547 3088 582 3153 in
602 3092 673 3154 Deo
693 3087 838 3155 confisus
863 3087 982 3154 fecisse
1007 3089 1213 3177 perhibetur.
1234 3093 1316 3157 Nam
1339 3089 1473 3156 invalis-

359 3205 455 3257 cente
475 3192 579 3272 same,
610 3192 700 3256 misit
718 3215 840 3279 pueros
865 3215 941 3254 suos
966 3215 1040 3256 cum
1065 3192 1234 3281 equitibus
1260 3206 1293 3256 et
1317 3193 1474 3280 plaustris

358 3319 419 3382 per
435 3293 560 3358 vicinas
574 3292 637 3358 sibi
656 3292 822 3371 civitates,
841 3305 878 3356 ut
903 3317 959 3358 eos
978 3294 1034 3383 qui
1052 3295 1114 3358 hac
1134 3292 1247 3383 inopia
1271 3297 1476 3361 vexabantur

360 3395 423 3461 sibi
439 3396 654 3462 adducerent.
675 3394 718 3460 At
728 3394 776 3459 illi
790 3407 923 3474 euntes,
942 3407 1078 3462 cunctos
1094 3419 1277 3484 pauperes,
1302 3400 1476 3487 quotquod
1491 3425 1520 3464 so

359 3497 509 3563 invenire
539 3510 737 3586 potuerunt,
763 3497 776 3588 ll
801 3497 1010 3562 adduxerunt
1036 3498 1077 3562 ad
1099 3498 1216 3562 domos
1242 3498 1328 3579 eius,
1362 3499 1475 3590 ibique

361 3627 418 3667 eos
442 3625 503 3689 per
528 3625 661 3666 omnem
690 3615 823 3689 tempus
858 3599 1043 3665 sterilitatis
1070 3625 1231 3689 pascens,
1262 3602 1303 3666 ab
1336 3602 1476 3668 interitu

360 3703 456 3770 famis
483 3703 607 3768 eximit.
641 3707 875 3794 Fueruntque,
904 3717 940 3768 ut
958 3703 1051 3769 multi
1075 3703 1183 3783 aiunt,
1209 3703 1350 3794 amplius
1377 3730 1475 3794 quam

361 3819 518 3896 quattuor
535 3806 624 3871 milia
634 3807 816 3895 promiscui
835 3831 943 3872 sexus.
964 3806 1172 3872 Adveniente
1188 3819 1296 3872 autern
1307 3809 1472 3888 ubertate,

361 3909 513 3974 ordinata
532 3908 652 3976 iterum
672 3911 862 3991 evectione,
890 3935 1157 4000 unumquemque
1182 3912 1216 3976 in
1237 3910 1311 3975 loco
1330 3936 1389 3976 suo
1410 3936 1474 3977 res·
1490 3938 1519 3977 45

361 4011 461 4076 tituit.
483 4015 563 4078 Post
575 4037 715 4101 quorum
727 4013 912 4078 discessum
930 4037 992 4078 vox
1001 4013 1041 4077 ad
1053 4038 1128 4078 euin
1144 4038 1162 4078 e
1176 4012 1276 4078 caelis
1295 4013 1388 4102 lapsa
1400 4039 1474 4104 per-

360 4114 470 4194 venit,
492 4113 609 4180 dicens
630 4141 636 4179 :
662 4141 678 4179 t<
696 4116 829 4195 Ecdici,
845 4115 973 4195 Ecdici‚
985 4117 1062 4206 quia
1075 4115 1184 4182 fecisti
1202 4139 1270 4181 rem
1286 4117 1390 4195 hanc,
1414 4115 1475 4182 tibi

361 4230 395 4282 et
413 4219 538 4282 semine
564 4229 622 4282 tuo
650 4219 746 4308 panis
764 4243 832 4283 non
851 4219 960 4284 deerit
978 4218 1013 4282 in
1037 4220 1294 4308 sempiternum;
1323 4243 1361 4283 eo
1385 4221 1475 4308 quod

362 4319 553 4385 obaudieris
571 4320 680 4385 verbis
700 4320 782 4385 meis
800 4334 834 4386 et
852 4321 970 4386 laniem
988 4347 1093 4388 meam
1113 4321 1327 4388 relectionem
1354 4345 1474 4412 paupe-
