3220 5158
418 481 582 530 HISTORIAE
600 479 800 534 FRANCORUM
817 479 917 538 LIBER
931 479 962 527 11
1211 479 1245 554 59ι

124 602 265 664 Factum
289 609 488 676 astantem,
514 609 551 662 ut
578 595 772 688 confligenti
799 607 978 686 utroque
968 593 1114 660 exercitu
1145 595 1241 658 vehe-

125 713 259 766 menter
282 699 439 766 cederent
426 711 491 780 tur,
518 710 617 788 atque
639 697 803 788 exercitus
833 673 1067 764 Chlodoveohi
1085 675 1179 772 valde
1200 695 1241 760 ad

124 802 386 868 internicionem
412 826 507 867 ruere
528 799 650 888 coepit.
681 781 777 884 Quod
800 800 856 866 ille
883 799 1020 879 videns,
1046 796 1180 886 elevatis
1201 797 1241 862 ad

123 907 256 973 caelum
270 904 389 985 oculis,
408 915 616 994 conpunctus
633 903 746 986 corde,
760 916 944 971 commotus
955 903 989 966 in
1004 899 1161 990 lacrimis,
1175 899 1238 966 ait·

94 1037 107 1076 s
126 1037 145 1074 ιι
169 1013 244 1075 lesu
265 1007 413 1090 Christe,
433 1030 532 1096 quem
550 1001 778 1073 Chrotchildis
794 1006 965 1097 praedicat
978 1029 1050 1070 esse
1065 1003 1170 1069 filium
1178 1003 1240 1069 Dei

121 1110 211 1195 vivi,
238 1110 296 1201 qui
324 1110 403 1175 dare
418 1108 432 1201 ΙΙ
448 1108 605 1174 auxilium
629 1109 859 1175 laborantibus
888 1108 1126 1196 victuriamque
1153 1105 1188 1171 in
1207 1121 1306 1180 tenor
1319 1131 1394 1180 aava

122 1213 341 1304 sperantibus
368 1211 515 1278 tribuere
545 1211 712 1326 dignariS,
736 1226 812 1278 tuae
837 1211 910 1302 opis
934 1210 1073 1305 gloriam
1101 1199 1264 1276 devotus

122 1314 292 1406 efflagito,
311 1327 407 1395 ut,s1
399 1313 507 1379 mihi
522 1313 696 1381 victuriam
715 1339 815 1404 super
829 1310 891 1379 hos
908 1316 1022 1379 hostes
1041 1311 1238 1394 indulseris,

121 1432 160 1484 et
177 1430 334 1509 expertus
355 1365 448 1482 luero
467 1417 557 1482 illam
577 1416 752 1498 virtutem,
775 1442 872 1508 quam
893 1417 934 1498 de
957 1428 989 1481 te
1016 1403 1159 1506 populos
1183 1428 1241 1481 tuo

78 1521 264 1588 innomine
308 1519 437 1586 dicatus
470 1523 631 1612 probasse
664 1519 850 1610 praedicat,
884 1521 1016 1587 credam
1052 1519 1113 1585 tibi
1142 1532 1176 1604 et
1206 1519 1241 1584 in

122 1623 264 1691 nomine
290 1635 347 1689 tuo
372 1625 532 1713 baptizer.
566 1624 717 1690 lnvocavi
744 1624 832 1690 enim
854 1625 934 1689 deos
957 1647 1066 1704 meos,
1097 1597 1175 1702 sed„
1207 1635 1243 1714 ut

121 1726 294 1815 experior,
324 1725 470 1818 elongati
499 1739 576 1791 sunt
601 1728 642 1791 ab
666 1726 897 1816 auxilio,meo;
927 1728 1016 1816 unde
1043 1727 1160 1808 credo,
1183 1751 1241 1822 eos

122 1829 252 1896 nullius
287 1854 360 1894 esse
387 1829 562 1918 potestatis
591 1831 778 1919 praeditos,
805 1829 861 1920 qui
892 1829 956 1894 sibi
983 1828 1241 1900 oboedientibus

121 1957 196 1997 non
212 1944 393 2000 occurrunt
425 1934 470 1997 Te
491 1957 580 1997 nunc
598 1933 733 2013 invoco,
747 1931 808 1998 tibi
828 1933 963 1998 credere
984 1931 1150 2015 desidero,
1171 1944 1240 1997 tan-

77 2063 103 2101 15
121 2049 197 2100 tum
217 2047 365 2104 uteruar
382 2035 422 2098 ab
438 2033 636 2099 adversariis
658 2032 751 2099 meis.
782 2062 798 2098 a
826 2037 974 2125 Cumque
995 2036 1077 2099 haec
1095 2023 1239 2114 diceret,

120 2137 302 2205 Alamanni
316 2150 409 2228 terga
424 2150 603 2217 vertentes,
624 2137 657 2202 in
671 2138 780 2228 lugam
791 2137 858 2203 labi
874 2149 1067 2227 coeperunt.
1092 2137 1241 2226 Cumque

122 2265 241 2331 regem
256 2264 351 2304 suurn
369 2253 546 2305 cernerent
561 2239 811 2328 interemptum,
832 2239 1059 2306 Chlodovechi
1075 2238 1241 2304 sediccio-

121 2343 227 2408 nibus
246 2342 411 2421 subdunt,
429 2341 580 2408 dicentes
603 2369 641 2406 z«
660 2345 709 2409 Ne
725 2342 882 2432 amplius,
903 2366 1114 2432 quaesomus,
1128 2354 1243 2432 pereat

120 2445 271 2536 populus
282 2496 290 2525 ,
313 2444 377 2510 iarn
394 2443 441 2509 tui
468 2468 591 2509 sumus.
617 2471 633 2507 ι)
654 2446 697 2510 At
713 2445 789 2526 ille,
807 2443 977 2535 prohibito
996 2444 1101 2526 bello,
1122 2447 1241 2510 cohor-

75 2559 197 2614 rotato
218 2546 342 2636 populo
360 2571 433 2611 cum
453 2571 536 2636 pace
551 2573 740 2638 regressus,
763 2547 908 2634 narravit
928 2547 1076 2639 reginae,
1100 2545 1243 2638 qualiter

121 2674 189 2741 per
208 2649 452 2717 invocationem
478 2649 623 2715 nominis
651 2650 776 2718 Christi
803 2650 978 2716 victuriam
1002 2651 1122 2717 meruit
1146 2653 1241 2717 obte-

122 2776 219 2818 nere.
240 2752 358 2817 Aotum
374 2777 461 2818 anno
477 2752 594 2841 quinto
610 2753 739 2820 decimo
756 2753 851 2844 regni
867 2753 928 2818 sni.

172 2936 263 3000 XXll
280 2934 355 3023 (31).
375 2937 467 3000 Tunc
487 2933 603 3024 regina
621 2934 781 3000 arcessire
793 2934 877 3000 clam
889 2947 1039 3000 sanctum
1054 2935 1241 3026 Remigium

122 3035 304 3104 Remensis
319 3035 411 3102 urbis
427 3035 621 3124 episcopum
637 3034 740 3115 iubet,
756 3050 789 3100 ct
800 3035 1010 3124 dipraecans,
1027 3047 1064 3100 ut
1082 3035 1151 3125 regi
1168 3039 1256 3102 ver·'

74 3170 105 3208 aa
121 3142 208 3206 bum
228 3139 342 3204 salutis
356 3136 552 3204 insinuaret.
575 3140 681 3221 Quem
696 3138 850 3203 sacerdos
866 3136 1060 3202 arcessitum
1082 3137 1241 3204 seoretius

121 3242 241 3332 coepit
256 3240 269 3333 {l
288 3241 317 3306 ei
342 3241 532 3320 insinuare,
556 3251 593 3304 ut
622 3243 728 3305 Deum
757 3264 885 3323 verum,
915 3240 1073 3326 factorem
1099 3239 1181 3338 caeli
1204 3265 1241 3306 ac
1253 3256 1307 3306 col.
1322 3259 1361 3305 83.

121 3361 235 3412 terrae
255 3346 422 3424 crederet,
452 3343 540 3408 idola
560 3341 770 3432 neglegeret,
797 3366 881 3432 quae
906 3368 1014 3432 neque
1042 3341 1106 3408 sibi
1132 3369 1241 3438 neque

122 3448 202 3515 aliis
217 3449 375 3536 prodesse
387 3458 538 3537 possunt.
553 3446 596 3512 At
610 3446 665 3510 ille
682 3445 727 3510 ait
747 3472 753 3510 :
771 3473 787 3509 (ι
803 3445 962 3512 Libenter
974 3456 1019 3524 te,
1033 3445 1242 3512 sanctissime

121 3563 235 3642 pater,
258 3549 449 3629 audiebam;
472 3549 530 3614 sed
550 3561 654 3614 restat
676 3573 796 3630 unum,
818 3549 907 3638 quod
928 3549 1090 3638 populus,
1115 3551 1172 3638 qui
1190 3575 1241 3615 me

77 3683 107 3720 ao
124 3653 291 3742 sequitur,
324 3675 392 3717 non
423 3651 548 3741 patitur
575 3651 764 3741 relinquere
791 3652 872 3717 deos
899 3675 993 3731 suos;
1018 3652 1076 3717 sed
1099 3652 1183 3718 vado
1209 3665 1243 3718 et

123 3758 247 3844 loquar
270 3754 317 3819 eis
345 3754 435 3819 iuxta
457 3757 605 3822 verbumv
624 3767 728 3820 tuum.
755 3782 771 3818 ι)
797 3756 1007 3820 Conveniens
1034 3767 1143 3819 autem
1168 3779 1242 3820 cum

125 3857 218 3937 suis,
237 3856 430 3947 priusquam
448 3855 504 3922 ille
521 3857 726 3946 loqueretur,
746 3870 982 3946 praecurrente
1000 3857 1150 3946 potentia
1166 3857 1240 3938 Dei,

126 3960 238 4028 omnis
256 3961 399 4050 populus
417 3961 543 4051 pariter
567 3961 763 4027 adclamavit
782 3989 789 4026 ι
818 3988 835 4025 ιι
850 3961 1008 4028 Mortales
1023 3961 1105 4026 deos
1132 3961 1242 4052 abige-

126 4086 221 4142 mus,
238 4061 292 4151 pie
309 4088 380 4145 rex,
402 4077 436 4130 et
455 4067 562 4130 Deum
582 4089 680 4155 quem
701 4064 872 4155 Remigius
894 4063 1066 4155 praedicat
1087 4063 1242 4129 inmorta-

80 4195 108 4234 ιι
125 4168 195 4232 lem
214 4165 307 4254 sequi
331 4168 437 4255 parati
458 4192 581 4233 sumus.
609 4194 626 4230 ι)
653 4167 862 4235 Nunoiantur
887 4169 970 4244 haec
988 4168 1162 4248 antestite,
1186 4165 1242 4257 qui

124 4265 251 4358 gaudio
272 4291 391 4358 magno
410 4269 576 4360 repletus,
598 4267 713 4334 iusssit
734 4271 898 4337 lavacrum
923 4293 1131 4359 praeparare.
1152 4267 1242 4336 Velis

125 4366 273 4457 depictis
288 4370 527 4460 adumbrantur
541 4372 688 4462 plateae,
704 4371 870 4448 ¹ecclesiae
889 4369 1028 4449 curtinis
1053 4369 1241 4438 albentibus
