3256 5144
376 389 420 438 222
666 386 824 436 GREGORll
843 385 1051 434 TURONENSIS
1070 384 1220 434 EPI'SCOPI

377 504 517 568 maxime
532 528 549 568 a
566 505 802 568 communione
819 515 966 568 remotus
985 503 1108 585 fuerat,
1131 502 1241 590 ipsum
1261 502 1413 590 recipere
1430 501 1500 566 dis·

375 606 458 686 tuli,
478 605 619 671 dicens:
645 633 662 668 «
681 607 764 670 Cum
783 603 918 696 reginae
939 603 1095 668 mandato
1115 603 1307 692 suscipcro‚
1329 617 1409 668 tunc
1425 628 1501 668 eum

378 706 527 796 recipere
549 732 617 774 non
640 709 807 773 morabor.
833 734 850 770 a
879 709 1008 771 Interea
1031 706 1072 770 ad
1094 729 1166 771 eam
1186 706 1316 796 dirig03
1343 705 1400 796 qui
1420 705 1500 770 mihi

377 809 502 874 scribta
520 809 648 876 remisit
674 809 790 874 diceus
812 835 818 872 :
838 835 855 870 «
873 811 1118 896 Conpraessaa
1141 807 1254 872 multis
1277 808 1367 872 aliud
1391 807 1501 871 facere

245 915 363 964 C⁰¹·³07·
377 935 444 976 non
467 913 578 1002 potui,
600 913 664 977 nisi
688 924 726 976 ut
747 935 822 976 eum
847 908 861 1000 ΙΙ
887 912 979 976 abire
999 909 1239 999 permitterem.
1270 912 1367 976 Nunc
1390 921 1528 973 autema

377 1037 471 1104 rogo,
483 1027 644 1102 utpacem
660 1027 749 1079 tuam
766 1036 834 1076 non
852 1025 1018 1078 mereatur
1032 1036 1140 1101 neque
1159 1012 1330 1102 eoglogias
1347 1012 1389 1076 de
1402 1035 1502 1076 mauu

377 1128 432 1180 tua
451 1115 629 1203 suscipiat,
653 1117 762 1181 donec
781 1139 798 1180 a
821 1116 919 1178 nobis
943 1113 1023 1204 quid
1046 1113 1100 1205 agi
1125 1115 1247 1180 debeat
1269 1113 1403 1204 plenius
1423 1138 1501 1202 per-

375 1227 547 1281 tractatur.
571 1244 586 1280 »
605 1219 648 1282 At
667 1241 730 1307 ego
749 1217 874 1282 scribta
892 1215 1021 1306 legens,
1045 1215 1159 1295 timui,
1178 1239 1220 1279 ne
1236 1215 1499 1291 interficeretur;

376 1317 605 1407 arcessituque
631 1341 747 1383 socero
777 1318 864 1396 eius,
897 1318 979 1382 haec
999 1316 1150 1395 innotui,
1178 1318 1377 1396 obsecrans,
1403 1329 1440 1381 ut
1466 1341 1502 1381 se

377 1432 508 1485 cautum
530 1420 705 1502 redderet,
738 1420 847 1484 donec
875 1418 1009 1508 reginae
1033 1419 1163 1485 animus
1189 1419 1369 1483 leneretur.
1395 1417 1409 1508 Ι]
1433 1419 1500 1484 Sed
1518 1443 1542 1480 10

375 1521 433 1586 ille
448 1521 625 1587 consilium
646 1546 773 1601 meum,
791 1521 880 1609 quod
897 1544 958 1610 pro
977 1520 1038 1585 Dei
1054 1508 1185 1586 intuetu
1202 1520 1399 1610 simpliciter
1417 1519 1501 1586 insi·
1617 1509 1618 1514 ἵ

376 1627 491 1706 nuavi,
513 1625 630 1690 dolose
649 1623 857 1712 suscipiens,
879 1647 954 1688 cum
975 1623 1083 1689 adhuc
1105 1622 1202 1688 nobis
1219 1635 1308 1687 esset
1324 1621 1498 1698 inimicus,

376 1727 483 1792 noluit
502 1750 601 1815 agere
630 1750 714 1816 quae
738 1725 908 1804 mandavi3
938 1725 1180 1814 impletumque
1203 1738 1254 1790 est
1280 1738 1389 1789 autem
1417 1724 1500 1789 illud

376 1830 606 1916 proverbium,
641 1827 731 1916 quod
768 1827 934 1915 quendam
970 1851 1083 1892 senem
1118 1839 1308 1891 narrantem
1347 1826 1456 1891 audivi
1492 1854 1498 1889 z

377 1930 522 1996 «Amico
537 1929 742 2016 inimicoque
761 1929 886 1992 bonum
908 1952 1041 2016 semper
1058 1931 1183 2016 praebe
1200 1927 1394 2007 consilium,
1419 1928 1497 2016 quia
1514 1955 1538 1990 ιε

375 2031 499 2096 amicus
516 2029 663 2118 accepit,
685 2028 842 2094 inimicus
859 2042 1007 2118 spernet.
1031 2058 1046 2091 >r
1067 2032 1208 2119 Spraeto
1228 2053 1307 2119 ergo
1332 2031 1396 2094 hoc
1418 2053 1498 2093 con-

376 2132 469 2212 silio,
501 2133 541 2196 ad
566 2155 678 2222 regem
706 2130 847 2210 direxit,
874 2131 931 2220 qui
958 2144 1038 2196 tunc
1065 2155 1140 2196 cum
1170 2131 1317 2196 exercitu
1344 2133 1379 2196 in
1413 2155 1499 2222 pago

375 2234 624 2326 Migludinense
644 2235 804 2324 degebat;
822 2235 1108 2323 depraecatusque
1125 2247 1176 2298 est
1193 2235 1366 2324 populum,
1380 2248 1416 2300 ut
1428 2234 1497 2324 regi

375 2360 513 2424 praeces
528 2337 695 2416 funderet,
713 2349 748 2399 et
763 2336 833 2400 eins
847 2335 1036 2424 praesentia
1053 2349 1247 2402 mereretur.
1267 2340 1499 2424 Depraecante

374 2439 477 2531 igitur
493 2438 582 2504 omni
607 2439 752 2527 popu10‚
775 2463 833 2502 rex
853 2462 887 2502 se
907 2439 1088 2502 videndum
1108 2439 1138 2502 ei
1157 2440 1320 2526 praebuit.
1348 2443 1497 2505 Prostra·
1513 2467 1541 2502 ru

373 2554 495 2629 tusque
511 2540 654 2630 pedibus
670 2540 759 2622 eius,
780 2540 910 2604 veniam
931 2540 1101 2630 flagitavit.
1122 2540 1182 2606 Cui
1202 2566 1259 2605 rcx
1277 2568 1283 2605 :
1304 2544 1494 2624 «Cautum,

374 2641 510 2732 inquid,
531 2654 563 2706 te
585 2643 688 2706 redde
706 2642 890 2731 paulisper,
918 2643 1042 2721 donec,
1064 2642 1133 2706 visa
1161 2645 1292 2734 regina,
1323 2646 1498 2710 conveniat

374 2745 516 2835 qualiter
545 2744 585 2808 ad
613 2745 683 2810 eius
706 2746 847 2834 gratiam
869 2745 1062 2826 revertaris,
1091 2743 1143 2809 cui
1172 2744 1312 2810 multum
1336 2745 1498 2810 inveniris

374 2871 447 2912 esse
465 2845 653 2934 culpabilis.
675 2872 691 2908 r>
718 2846 761 2910 At
782 2847 855 2926 ille,
876 2859 912 2911 ut
933 2858 1003 2911 erat
1020 2847 1174 2911 incautus
1197 2860 1228 2912 et
1253 2847 1352 2928 levis,
1372 2848 1406 2912 in
1433 2850 1498 2914 hoc

374 2949 497 3029 fidens,
529 2949 619 3037 quod
648 2949 736 3038 regis
765 2946 992 3038 praesentiam
1022 2949 1215 3029 meruisset,
1250 2949 1320 3040 regi
1350 2951 1539 3016 Parisiusaa
1617 3035 1618 3040 η

373 3050 573 3129 revertenti,
596 3049 651 3114 die
671 3051 841 3116 dominico
857 3051 892 3114 in
915 3050 1037 3116 eclesia
1059 3065 1173 3116 sancta
1196 3051 1331 3144 reginae
1353 3054 1497 3142 pedibus

374 3151 591 3240 provolvitur,
614 3151 744 3217 veniam
771 3152 988 3241 depraecans.
1016 3154 1059 3218 At
1083 3153 1139 3218 illa
1164 3154 1324 3220 frendens
1349 3168 1382 3220 et
1407 3151 1497 3220 exse-

374 3277 470 3318 crans
489 3266 660 3341 aspectum
678 3253 766 3334 eius,
792 3278 807 3316 a
832 3279 866 3318 se
889 3254 1054 3344 reppulit,
1078 3254 1227 3343 fusisque
1244 3254 1405 3335 lacrimis,
1425 3256 1494 3320 ait:

374 3382 391 3415 a
424 3357 467 3419 Et
501 3354 579 3442 quia
612 3380 680 3420 non
705 3366 794 3420 extat
824 3356 866 3420 de
891 3356 982 3436 liliis,
1014 3359 1071 3446 qui
1099 3357 1249 3424 criminis
1284 3358 1348 3423 mei
1381 3383 1498 3423 causas

372 3456 563 3545 inquaerat‚
588 3456 650 3521 tibi
673 3481 743 3537 eas,
769 3460 843 3523 lesu
862 3458 1017 3539 domine,
1042 3459 1260 3549 inquirendas
1281 3461 1455 3527 conmitto.
1479 3489 1496 3524 u
1514 3489 1540 3524 ao

372 3560 609 3646 Prostrataque
624 3558 768 3646 pedibus
787 3559 888 3650 regie,
906 3560 1050 3626 adiecit:
1074 3589 1091 3623 (t
1111 3564 1177 3629 Vae
1196 3563 1289 3642 mihi,
1304 3588 1388 3652 quae
1399 3563 1498 3629 video

372 3657 544 3724 inimicum
564 3683 690 3739 meum,
709 3673 742 3724 ct
758 3661 841 3725 nihil
855 3661 884 3726 ei
903 3664 1087 3751 praevalen.
1114 3689 1130 3726 a
1151 3667 1244 3731 Tunc
1263 3666 1398 3754 repulso
1418 3691 1457 3732 eo
1481 3691 1498 3730 a

372 3760 447 3826 loco
480 3774 611 3840 sancto,
644 3763 817 3826 missarum
856 3765 1031 3830 sollemnia
1062 3766 1229 3831 celebrata
1263 3780 1351 3832 sunt.
1382 3768 1500 3858 'Igitur

373 3887 508 3954 egresso
524 3887 602 3953 rege
626 3886 700 3928 cum
722 3863 838 3954 regina
854 3865 896 3929 de
918 3868 1039 3931 eclesia
1057 3881 1204 3932 sanctam
1216 3870 1238 3948 ¹,
1256 3869 1499 3960 Leodastisque

372 3963 413 4031 ud
439 3965 581 4054 plateam
609 3978 660 4030 est
684 3979 900 4053 prosecutus,
924 3969 1104 4058 inopinans
1136 3969 1217 4060 quid
1245 3971 1274 4036 ei
1300 3973 1495 4054 accederet3
1514 4001 1540 4038 :n

372 4067 490 4133 domus
509 4069 741 4159 negutiantum
756 4069 973 4148 circumiens,
997 4073 1126 4161 species
1148 4074 1298 4153 rimatur,
1322 4089 1499 4166 argentum

376 4203 408 4217 Ν
432 4219 439 4227 h

406 4274 424 4321 l.
446 4278 516 4322 Corr.
532 4283 630 4323 sanctu.
