3226 5156
390 439 447 484 ‚100
681 434 841 488 ¹GREGORH
859 435 1066 484 TURONENSls
1082 435 1232 484 uetscopl

405 550 539 617 doricus
560 576 617 616 rex
640 549 1121 640 inultasinrogavittiuiutias,
1142 563 1219 640 post
1239 551 1340 616 multa
1361 549 1458 614 exitia
1475 575 1509 614 aa

403 655 522 719 damna
557 664 655 741 atque
676 675 830 718 erumnas
865 652 906 718 ad
939 652 1127 718 libertatem
1160 651 1349 742 propriam,
1371 651 1510 718 Domino

403 755 556 837 iubente,
578 754 720 821 redisset
738 766 774 842 et
786 753 1032 844 episcopatum,
1050 768 1086 821 ut
1101 753 1256 835 diximus,
1277 755 1365 844 apud
1378 753 1511 821 Viredu·

401 856 532 923 nensim
546 858 661 921 urbem
671 855 846 944 potiretur,
858 854 975 934 videns
989 856 1194 922 habitatores
1203 856 1274 923 eius
1291 856 1384 922 valde
1394 880 1511 946 paupe-

403 984 455 1024 res
476 973 574 1048 atque
603 956 791 1037 distitut0s‚
819 958 956 1023 dolebat
977 983 1077 1048 super
1107 983 1181 1040 ecs3
1210 971 1243 1025 et
1268 984 1342 1024 cum
1368 957 1441 1048 ipsc
1458 982 1539 1046 pera

402 1060 647 1128 Theodericum
663 1060 820 1125 derebus
839 1057 907 1124 suis
923 1059 1139 1125 remansisset
1149 1073 1324 1126 extraneus
1339 1085 1401 1126 nec
1415 1061 1512 1126 habe·

403 1175 454 1228 ret
471 1164 512 1228 de
526 1161 680 1251 proprio,
700 1160 843 1250 qualiter
862 1185 919 1227 eos
935 1163 1176 1243 consolaretur,
1197 1161 1382 1228 bonitatem
1397 1175 1430 1228 et
1447 1162 1513 1227 cle-

404 1265 560 1330 mentiam
581 1263 669 1342 circa
686 1288 801 1329 omnes
820 1262 1047 1330 Theodoberti
1069 1266 1339 1356 regiscerncns,
1362 1263 1452 1330 misit
1475 1264 1514 1328 ad

402 1392 477 1433 eum
491 1366 709 1457 legationem,
729 1365 845 1432 dicens
863 1393 870 1430 :
891 1391 908 1428 a
930 1369 1030 1434 Fama
1049 1366 1208 1432 bonitatis
1226 1380 1301 1433 tuae
1317 1365 1352 1433 in
1364 1365 1515 1432 universa

402 1479 489 1534 terra
512 1469 780 1559 vulgatumeum
801 1480 905 1537 ,tanta
928 1467 971 1533 sit
990 1481 1046 1536 tua
1062 1468 1215 1560 largitas,
1248 1480 1285 1534 ut
1317 1466 1415 1533 etiarn
1449 1489 1550 1532 nonu

402 1570 595 1660 petentibus
610 1595 708 1660 opem
723 1582 883 1659 praestes.
902 1572 997 1662 Rogo
1006 1621 1014 1651 ‚
1033 1573 1060 1636 si
1075 1569 1181 1659 pietas
1196 1583 1252 1635 tua
1271 1571 1375 1635 habet
1390 1568 1515 1659 aliquid

402 1674 444 1740 de
468 1672 626 1762 pecunia,
654 1674 752 1739 nobis
775 1673 986 1752 commodes,
1010 1698 1074 1763 qua
1107 1673 1194 1737 cives
1214 1685 1347 1739 nostros
1372 1671 1515 1737 relevare

402 1776 585 1854 valeamus3
612 1799 754 1864 eumque
780 1773 828 1838 hii
852 1774 1023 1864 negotium
1046 1787 1240 1840 exercentes
1265 1798 1463 1862 responsum
1483 1774 1515 1838 in

404 1875 691 1958 civitatencstra,
705 1876 791 1942 sicut
807 1876 953 1965 reliquae
980 1877 1122 1957 habent,
1145 1871 1390 1965 praestiterint,
1414 1899 1516 1964 pecu-

405 1979 492 2044 niam
511 1993 600 2045 tuam
619 2005 692 2045 cum
708 1979 816 2044 usuris
834 1978 992 2070 legitimis
1013 1979 1193 2046 reddimus.
1219 2006 1236 2042 u
1256 1983 1350 2046 Tunc
1367 1979 1423 2044 ille
1444 1979 1515 2068 pie·
1529 2003 1550 2041 15

404 2094 470 2148 tate
487 2094 688 2162 commotus,
714 2092 841 2170 septem
861 2079 950 2145 milia
973 2105 1147 2147 aureorum
1168 2081 1351 2172 praestitit,
1371 2107 1434 2173 qua
1462 2081 1516 2147 ille

403 2183 571 2273 accipiens
582 2207 643 2272 per
660 2183 747 2250 cives
764 2206 841 2247 suos
859 2181 1017 2272 erogavit.
1040 2183 1083 2247 At
1101 2181 1151 2248 illi
1175 2181 1516 2276 negotiaexercentes

403 2285 522 2350 divites
539 2309 601 2375 per
618 2286 684 2350 hoe
699 2283 810 2350 effecti
827 2297 904 2349 sunt
917 2297 951 2350 et
967 2309 1071 2375 usque
1091 2287 1191 2351 hodie
1208 2287 1318 2377 magni
1336 2288 1513 2352 habentur.
1586 2333 1587 2336 ,

404 2388 553 2478 Cumque
572 2386 759 2452 antedictus
777 2386 956 2476 episcopus
974 2387 1120 2453 debitam
1144 2391 1320 2478 pecuniam
1338 2389 1518 2454 obtulisset

403 2489 490 2580 regi,
511 2488 686 2578 respondit
698 2513 754 2555 rex
772 2515 778 2553 :
798 2491 899 2557 «Non
910 2491 1018 2555 habeo
1029 2489 1253 2572 necessarium
1268 2493 1332 2557 hoc
1349 2493 1516 2580 recipere3
1531 2515 1555 2552 n
1586 2485 1587 2504 ³

400 2591 485 2658 'illud
522 2591 602 2655 mihi
637 2591 774 2671 sufficit,
807 2591 834 2657 si
873 2591 1124 2681 dispensatione
1157 2606 1213 2658 tua
1244 2617 1426 2683 pauperes,
1463 2592 1518 2682 qui

403 2694 707 2783 oppraemebantur
729 2693 858 2783 inopia,
890 2718 950 2782 per
973 2707 1063 2758 tuam
1094 2695 1344 2785 suggestionem
1378 2695 1429 2760 vel
1461 2721 1520 2785 per

402 2819 508 2861 meam
525 2794 712 2886 largitatem
729 2808 807 2861 sunt
821 2794 967 2860 relevati.
986 2823 1002 2858 n
1019 2799 1060 2860 Et
1071 2796 1155 2861 nihil
1166 2797 1319 2887 exigens,
1331 2797 1519 2863 antedictus

402 2898 490 2962 cives
509 2895 629 2962 divites
646 2896 736 2962 lecit.

445 3081 574 3144 XXXV.
599 3078 764 3143 Defuncto
783 3088 891 3142 autem
910 3077 997 3165 apud
1015 3079 1130 3144 orbem
1149 3080 1372 3168 supradictam
1393 3105 1520 3148 memo·
1532 3107 1557 3144 rs

404 3193 509 3246 ratum
526 3180 732 3261 antestitem,
749 3180 912 3270 Agyricus
932 3179 1067 3268 qnidam
1085 3206 1104 3246 e
1120 3181 1247 3247 civibus
1266 3181 1301 3248 in
1317 3181 1388 3248 eius
1408 3185 1519 3250 cathe-

402 3283 494 3348 dram
516 3285 715 3373 subrogatus
736 3294 798 3347 est.
817 3281 975 3373 Syagrius
996 3295 1124 3364 autem,
1146 3283 1342 3366 filiuseius,
1363 3285 1519 3352 reminis-

402 3409 481 3450 cens
497 3384 636 3451 iniurias
651 3383 771 3474 patris,
791 3385 934 3474 qualiter
953 3409 970 3448 a
987 3384 1159 3473 Syrivaldo
1180 3386 1251 3477 regi
1270 3388 1518 3454 Theodericum
1584 3473 1585 3476 Ἴ

401 3485 589 3568 incusatus,
621 3510 688 3554 non
719 3487 825 3552 solum
853 3487 1031 3575 spoliatus,
1068 3488 1304 3554 verumetiam
1341 3489 1519 3579 suppliciis
1584 3523 1585 3596 p

401 3588 549 3654 adfectus
569 3588 683 3668 luisse,
705 3612 922 3678 appraessum
943 3613 1017 3654 eum
1040 3602 1163 3654 armata
1186 3613 1282 3656 inanu
1306 3590 1518 3680 Syrivaldum
1532 3619 1556 3656 a·
1584 3597 1585 3663 l

400 3688 512 3756 taliter
525 3689 694 3756 interficit.
716 3692 814 3756 Mane
831 3691 936 3769 facto,
959 3716 1033 3755 curn
1050 3691 1172 3756 nebula
1190 3705 1279 3756 essct
1302 3694 1474 3761 condensa
1491 3694 1504 3786 {l

266 3801 321 3849 Col·
336 3802 388 3848 1³6·
402 3804 435 3857 et
454 3791 526 3878 vix,
547 3791 656 3860 adhuc
677 3790 963 3880 disrumpentibus
983 3792 1149 3870 tenebris,
1177 3793 1301 3882 aliquid
1320 3795 1428 3884 possit
1446 3796 1518 3862 dis-

401 3919 555 3972 cernere,
577 3893 668 3958 veuit
689 3895 729 3959 ad
752 3894 863 3958 villam
888 3894 958 3960 eius
988 3896 1021 3960 in
1048 3894 1243 3962 Divionensi
1269 3895 1440 3962 territurio
1463 3899 1517 3964 cni

402 4021 523 4063 nomen
540 4009 591 4062 est
616 3996 821 4074 Floriacum;
847 4021 1050 4086 egressaque
1070 3997 1204 4064 domum
1227 4023 1294 4064 uno
1314 3997 1516 4081 amicorum,

400 4112 571 4189 putanteS,
601 4098 711 4188 ipsum
739 4096 945 4186 Syrivaldum
973 4125 1064 4180 esse,
1096 4100 1335 4168 interfecerunt
1367 4126 1458 4182 eum,
1485 4117 1557 4184 etas

404 4200 665 4281 revertentibus,
698 4199 791 4291 quasi
821 4199 991 4267 victoriam
1024 4205 1258 4270 obtenuissent
1282 4205 1324 4270 de
1359 4204 1515 4286 inimico,

401 4303 536 4369 inderat
550 4303 702 4370 cisunus
716 4329 759 4369 ex
778 4303 919 4384 familia,
939 4329 1004 4370 non
1024 4331 1081 4371 eos
1101 4305 1271 4372 dominum
1291 4306 1513 4398 interfecisse⁸
