3256 5144
373 474 417 522 lad
653 469 809 520 GREGORll
827 466 1034 516 'ruaoussusts
1052 463 1201 512 EPISCOPI

372 589 416 654 At
440 587 488 653 illi
511 611 594 652 oum
633 588 716 652 haec
745 583 999 676 cognovissent,
1037 580 1127 669 quod
1161 579 1296 644 eosdem
1334 601 1488 666 separare

373 693 586 770 decerneret,
609 689 649 753 ad
667 687 839 753 basilicam
858 685 964 751 sancti
985 682 1137 762 Ma'rtini,
1156 706 1241 772 quae
1256 705 1357 770 super
1376 704 1489 745 muros

374 791 517 859 civitatis
535 789 656 882 ligneis
669 791 793 855 tabulis
808 787 968 856 fabricata
979 799 1041 866 est,
1058 784 1250 877 confugium
1265 783 1401 848 faciunt.
1420 785 1490 849 Rex

372 921 450 961 vero
466 895 662 972 adveniens,
685 917 759 959 cum
781 890 816 957 in
840 890 953 957 multis
975 888 1120 979 ingeniis
1140 912 1198 952 eos
1220 885 1341 952 exinde
1361 886 1490 951 auferre

374 997 548 1076 niteretur,
564 1009 598 1061 et
606 995 654 1061 illi
671 994 807 1059 dolosae
822 1004 1065 1082 computantes
1080 991 1202 1070 facere,
1216 1013 1283 1053 nou
1297 989 1486 1068 crederent,
1507 1015 1521 1052 a
1614 1063 1615 1076 χ

374 1098 495 1166 iuravit
510 1099 570 1180 eis,
592 1099 709 1164 dicens
731 1123 739 1162 :
759 1125 777 1162 u
795 1101 833 1162 ln
852 1095 934 1186 quid
951 1094 1105 1159 voluutas
1125 1092 1187 1159 Dei
1212 1091 1327 1171 fuerit,
1343 1091 1415 1182 ipse
1428 1095 1492 1157 hos

377 1227 531 1293 separare
569 1212 757 1266 conaretur.
793 1227 809 1262 u
851 1203 941 1264 Haec
978 1196 1027 1261 illi
1063 1208 1271 1262 sacramenta
1299 1194 1490 1274 audientes,
1614 1233 1615 1274 ,

377 1305 418 1369 do
438 1303 575 1370 basilica
593 1305 720 1395 egressi
737 1315 832 1383 sunt;
853 1298 1118 1388 exosculatisque
1134 1297 1314 1388 dignanter
1331 1299 1491 1386 acceptis,
1614 1291 1615 1368 l

377 1406 552 1497 copulavit.
573 1407 653 1472 Post
663 1405 735 1471 dies
749 1429 827 1470 vero
839 1429 963 1493 paucos
975 1402 1152 1490 adsumpto
1164 1426 1276 1466 secum
1292 1403 1494 1466 Meroveoho
1614 1393 1615 1462 l

379 1509 576 1575 Suessiones
597 1507 707 1573 rediit.
1513 1528 1540 1564 iu

260 1713 314 1762 Fot.
328 1711 365 1762 61.
423 1692 479 1756 lll.
508 1692 591 1755 Cum
612 1701 721 1754 autem
744 1687 869 1753 ibidem
896 1687 1208 1765 conmorarenturl,
1235 1684 1368 1752 collecti
1393 1687 1498 1776 aliqui

380 1793 421 1856 de
435 1790 627 1880 Campania,
650 1789 848 1856 Suessiones
865 1791 948 1854 urbe
969 1787 1210 1879 adgrediuntur
1227 1788 1439 1879 fugatamque
1458 1815 1501 1854 ex
1614 1857 1615 1866 2

381 1918 419 1958 ea
432 1892 666 1983 Fridegundae
682 1891 798 1982 regina
815 1905 914 1980 atque
933 1890 1222 1970 Chlodovechum,
1243 1891 1346 1957 lilium
1365 1891 1499 1980 Chilpe-

382 1996 455 2080 rici,
475 1995 633 2060 volebant
657 1993 720 2058 sibi
740 1994 884 2059 subdere
907 1993 1085 2058 civitatem.
1109 1994 1206 2078 Quod
1228 2007 1266 2058 ut
1287 1994 1501 2084 Chilpericus
1614 2025 1615 2066 t

382 2123 439 2163 rex
452 2097 616 2186 conperit,
634 2121 709 2161 cum
724 2097 871 2160 exercitu
888 2095 967 2161 illuc
984 2095 1118 2175 direxit,
1133 2097 1270 2161 mittens
1284 2096 1435 2180 nuutioS,
1457 2122 1502 2162 nc
1519 2122 1545 2160 rs

383 2201 446 2264 s1b1
473 2198 626 2264 iniuriam
648 2197 814 2278 facerent,
846 2211 891 2276 et
910 2196 1075 2264 excidium
1106 2198 1149 2262 de
1176 2211 1318 2289 utroque
1352 2199 1503 2265 evenerit

384 2301 542 2366 exercitu.
561 2300 612 2365 llli
630 2287 739 2366 autem
756 2303 837 2366 haec
853 2301 1091 2392 neglegentes,
1115 2316 1358 2391 praeparantur
1373 2303 1414 2368 ad
1432 2303 1503 2369 bel-

383 2404 469 2483 tum,
495 2402 728 2493 conmissoque
748 2402 896 2494 proelio,
927 2402 1067 2468 invaluit
1092 2427 1168 2492 pars
1199 2403 1382 2493 Chilperici
1402 2417 1503 2494 utque

386 2505 508 2597 fugavit
528 2519 656 2594 partem
677 2505 742 2572 sibi
759 2506 941 2588 adversam,
966 2506 1088 2572 multos
1108 2531 1206 2571 exea
1227 2519 1382 2572 strenuos
1402 2520 1502 2596 atque

384 2608 483 2675 utiles
507 2609 595 2674 viros
616 2621 853 2696 prosternens3
881 2609 1079 2700 fugatosque
1106 2607 1271 2697 reliquos,
1303 2609 1502 2676 Suessiones
1518 2635 1549 2672 ac

385 2709 584 2802 ingreditur.
602 2714 693 2794 Quae
711 2724 887 2799 postquam
911 2723 982 2774 aeta
999 2722 1093 2789 sunt,
1111 2723 1332 2800 rex-propter
1347 2709 1504 2802 coniuga-

384 2813 511 2879 tionem
527 2811 762 2878 Brunechildis
774 2825 969 2902 'suspectum
986 2813 1110 2878 habere
1125 2813 1238 2901 coepit
1252 2815 1503 2894 Merovechum,

385 2917 489 2982 fitium
507 2941 615 2996 suum,
635 2913 771 2996 dicens,
790 2915 873 2982 haec
891 2914 1018 3006 proelia
1040 2914 1111 2980 eius
1132 2914 1281 3004 nequitia
1299 2916 1502 2996 surrexiss03
1614 2939 1615 3028 p

387 3018 654 3110 expoliatumque
674 3018 714 3081 ab
731 3018 842 3096 armis,
860 3017 946 3082 datis
971 3017 1185 3096 custodibus,
1205 3017 1310 3082 libero
1335 3019 1505 3084 custodire
1614 3035 1615 3124 p

386 3120 566 3211 praecipit,
592 3130 755 3198 tractans,
783 3118 863 3207 quid
896 3118 937 3182 de
967 3143 1006 3183 oo
1041 3119 1076 3183 in
1109 3131 1281 3209 posterum
1319 3120 1502 3186 ordinaret.
1520 3147 1549 3185 ss
1614 3135 1615 3190 t

388 3223 539 3290 Godiuus
556 3234 683 3302 autem,
707 3219 762 3309 qui
781 3245 799 3284 a
821 3233 910 3284 sorte
931 3220 1126 3310 Sygiberthi
1152 3247 1187 3286 se
1211 3222 1253 3286 ad
1277 3221 1505 3312 Chilperioum

387 3325 603 3390 transtulerat
629 3336 662 3387 et
688 3321 801 3387 multis
825 3323 866 3386 ab
897 3346 937 3386 eo
968 3325 1163 3388 muneribus
1190 3324 1412 3413 locupletatus
1436 3340 1503 3401 est,
1614 3323 1615 3392 l

389 3426 497 3514 eapud
515 3425 595 3490 belli
614 3423 710 3490 istius
737 3422 817 3502 suit3
845 3423 905 3488 sed
930 3425 965 3488 in
989 3447 1106 3513 campo
1129 3426 1252 3504 victus,
1282 3427 1409 3514 primus
1429 3428 1508 3518 fuga
1614 3397 1615 3490 l

162 3521 165 3528 ‚
255 3548 309 3596 col.
324 3549 377 3595 ⁶203.
389 3527 559 3593 dilabitur.
572 3526 675 3594 Villas
687 3548 776 3608 vero,
791 3548 873 3615 quas
888 3525 918 3589 ei
934 3549 991 3590 rex
1008 3549 1025 3589 a
1040 3525 1121 3590 fiseo
1138 3525 1151 3616 Η
1168 3527 1202 3591 in
1221 3527 1391 3593 territurio
1404 3531 1506 3595 Sues·
1614 3515 1615 3598 l

390 3629 526 3696 sionecc
543 3628 741 3707 indulserat,
762 3625 899 3693 abstulit
920 3639 952 3691 et
974 3626 1132 3692 basilicae
1157 3628 1299 3695 contulit
1321 3631 1410 3695 beati
1434 3633 1507 3696 Me·
1522 3659 1550 3694 :ru

388 3732 495 3797 dardi.
509 3733 584 3820 lpse
599 3754 732 3819 quoque
748 3729 899 3795 Godiuus
911 3753 978 3794 non
995 3742 1073 3819 post
1090 3731 1228 3796 multum
1240 3745 1373 3822 tempus
1386 3758 1507 3823 repen-

387 3833 457 3899 tina
470 3845 576 3898 morte
587 3845 799 3921 praeventus,
814 3833 954 3896 interiit.
978 3833 1079 3897 Cuius
1097 3834 1271 3924 coniugem
1292 3836 1508 3928 Rauchingus

387 3937 529 4025 accepit,
548 3935 597 4000 vir
618 3934 708 3999 omni
727 3934 872 3998 vanitate
893 3935 1059 4022 repletus,
1081 3935 1236 4023 superbia
1253 3937 1417 4018 tumidus,
1439 3939 1507 4004 ela·

385 4039 477 4104 tione
494 4050 688 4127 protervus,
710 4037 766 4126 qui
791 4059 826 4100 se
855 4037 899 4100 ita
927 4061 1001 4102 oum
1030 4037 1189 4102 subiectis
1208 4040 1346 4130 agebat,
1374 4054 1410 4104 ut
1439 4065 1505 4106 nou

386 4151 607 4232 cognusoeret
632 4139 667 4203 in
694 4163 729 4202 se
761 4136 888 4226 aliquid
921 4137 1137 4204 humanitatis
1164 4141 1306 4221 habere,
1337 4142 1396 4207 sed
1420 4143 1548 4208 ultrast

1614 4259 1615 4300 t

1614 4375 1615 4404 l

1614 4429 1615 4454 l

1614 4457 1615 4502 l

1614 4581 1615 4622 t

1614 4649 1615 4690 t

418 4374 438 4421 l.
458 4377 529 4422 Corr.
540 4377 745 4421 conmorarctur.
