3256 5144
374 493 418 540 21⁸
660 485 818 537 caucoan
837 483 1048 536 TURONENSIS
1066 481 1216 530 Episcopi

372 607 424 671 his
439 607 497 695 qui
511 605 665 683 aderant,
687 603 778 692 quod
798 613 887 667 esset
904 602 968 666 hoc
988 601 1142 679 verbum,
1166 599 1258 687 quod
1281 598 1495 686 loquebatur,

372 706 548 796 respondit
565 733 571 771 :
593 732 610 768 r<
626 709 712 771 Ecce
724 703 831 769 anima
845 702 976 792 puellae
994 700 1163 767 Michahel
1178 701 1318 789 angelus
1333 701 1495 789 suscepit,

372 810 488 899 etipse
500 834 572 875 earn
592 809 632 873 ad
653 809 780 873 caelum
794 805 913 871 evexit.
926 805 1087 892 Princeps
1097 827 1176 885 vero
1190 815 1317 894 noster,
1328 827 1427 893 quern
1437 827 1498 868 vos

372 911 541 977 diabolum
558 909 749 988 nominatis,
762 907 844 972 nihil
863 907 896 970 in
915 931 951 971 ea
968 904 1223 994 participatur.»
1237 909 1317 971 Post
1327 909 1409 971 haec
1425 930 1498 971 cor-

309 1058 311 1066 .
372 1038 446 1101 pus,
472 1037 488 1076 a
509 1011 631 1102 quibus
650 1011 799 1074 ablutum
818 1022 869 1072 est
889 1006 1036 1083 aiebant,
1056 1005 1101 1070 ita
1119 1007 1264 1072 candore
1283 1005 1379 1072 niveo
1395 1007 1525 1072 reful-s

372 1116 492 1204 gebat,
518 1127 555 1179 ut
577 1113 704 1177 nullum
727 1111 867 1176 linteum
891 1107 1063 1197 repperire
1083 1109 1253 1173 abbatissa
1274 1109 1440 1197 potuisset
1462 1109 1498 1174 in

374 1229 543 1306 prumptu,
562 1216 651 1304 quod
671 1213 803 1302 corpori
823 1210 999 1277 candidior
1018 1223 1231 1290 cerneretur3
1252 1209 1370 1278 induta
1386 1225 1499 1277 tamen

373 1318 494 1383 lenteis
510 1317 656 1396 mundis,
677 1315 867 1404 sepulturae
889 1313 1044 1377 mandata
1064 1324 1125 1376 est.
1145 1314 1228 1378 Nam
1247 1326 1281 1378 ct
1303 1312 1365 1378 alia
1386 1314 1498 1404 puella

373 1420 471 1486 huius
488 1417 681 1484 monasterii
701 1417 807 1482 visum
822 1415 924 1494 vidit,
943 1415 1033 1503 quod
1057 1415 1228 1480 sororibus
1253 1417 1378 1481 retulit.
1396 1419 1497 1482 Puta-

374 1519 578 1609 bat,inquid,
593 1545 627 1584 se
641 1519 706 1583 iter
720 1518 856 1607 aliquod
872 1515 1057 1595 conficere;
1076 1529 1110 1580 et
1123 1529 1194 1580 erat
1211 1515 1242 1580 ei
1258 1530 1384 1597 votum,
1404 1530 1442 1583 ut
1456 1518 1498 1583 ad
1514 1545 1540 1580 ro

373 1623 498 1687 fontem
521 1622 629 1686 vivum
652 1620 810 1712 gradiens
831 1618 1031 1706 perveniret.
1055 1621 1205 1708 Cumque
1223 1617 1307 1683 viam
1333 1621 1497 1699 nesciret,

372 1727 422 1789 vir
437 1725 572 1813 quidam
590 1749 625 1788 se
642 1722 773 1787 obviam
791 1720 933 1797 obtulit,
953 1720 1095 1808 dicens:
1117 1747 1133 1783 (ι
1153 1721 1207 1798 Si,
1227 1720 1366 1809 inquid,
1392 1721 1441 1786 vis
1457 1720 1498 1786 ad

373 1827 498 1891 fontem
522 1826 630 1891 vivum
651 1825 830 1902 accedere,
857 1848 919 1914 ego
940 1848 997 1889 ero
1017 1825 1170 1912 praevius
1192 1822 1330 1888 iteneris
1350 1825 1439 1889 tui.»
1457 1824 1500 1890 At

373 1927 429 1993 illa
447 1927 571 2018 gratias
589 1952 709 2017 agens,
728 1927 932 2014 sequebatur
949 1924 1217 2013 praecedentem.
1240 1924 1370 2008 Quibus
1386 1927 1499 1992 ambu·

374 2029 538 2108 lantibus,
565 2039 790 2117 pervenerunt
823 2027 864 2091 ad
894 2027 1020 2091 fontem
1051 2051 1224 2117 magnum,
1256 2025 1349 2092 ouius
1383 2051 1468 2116 aqua
1487 2026 1541 2120 {ln

375 2160 490 2200 aurum
510 2135 721 2224 splendebat,
740 2135 864 2198 herbae
883 2157 961 2198 vero
980 2132 1013 2204 in
1034 2133 1169 2197 modum
1188 2133 1394 2198 diversarum
1409 2157 1499 2224 gem·

375 2261 501 2302 marum
516 2249 676 2302 vernante
697 2237 771 2301 luce
792 2235 978 2300 radiabant.
1003 2237 1044 2298 Et
1063 2236 1110 2299 ait
1123 2234 1173 2299 vir
1191 2234 1231 2299 ad
1252 2259 1322 2300 eam
1346 2261 1353 2298 :
1378 2262 1394 2298 «
1413 2238 1500 2302 Ecce

374 2340 466 2404 fonte
490 2340 583 2418 vivo,
610 2363 707 2427 quern
726 2338 830 2402 multo
853 2337 968 2400 labore
992 2335 1169 2424 quaesisti!
1191 2335 1320 2402 Satiare
1346 2361 1436 2401 nurrc
1459 2339 1500 2401 ab

375 2439 446 2507 eius
467 2439 673 2519 fluentis,-ut
690 2440 747 2503 fiat
763 2439 826 2503 tibi
844 2439 917 2502 lons
938 2462 1042 2526 aquae
1063 2439 1155 2502 vivae
1174 2438 1324 2504 salientis
1346 2439 1381 2503 in
1400 2441 1499 2505 vitam

374 2555 555 2608 aeternam.
591 2569 608 2604 »
636 2545 786 2631 Cumque
812 2541 867 2605 illa
886 2539 981 2604 avide
1004 2564 1044 2604 ex
1066 2539 1118 2604 his
1138 2540 1231 2629 aquis
1255 2541 1395 2620 auriret,
1421 2566 1499 2607 ecce
1515 2569 1541 2606 so

375 2646 416 2708 ab
448 2643 511 2707 alia
536 2654 631 2732 parte
663 2641 820 2708 veniebat
851 2641 1020 2706 abbatissa
1053 2653 1086 2706 et
1121 2641 1323 2707 denudatam
1354 2643 1500 2731 puellam

374 2745 484 2810 induit
499 2770 569 2809 eam
586 2757 712 2810 vestem
732 2743 870 2834 regiam,
888 2767 972 2832 quae
993 2755 1085 2807 tanta
1104 2743 1178 2808 luce
1198 2767 1346 2835 auroque
1370 2745 1500 2812 munili-

374 2849 436 2912 bus
455 2847 654 2936 refulgebat,
671 2859 708 2911 ut
722 2846 775 2911 vix
790 2846 897 2935 possit
914 2845 1058 2924 intendi,
1079 2844 1213 2910 dicente
1230 2847 1294 2914 sibi
1309 2847 1497 2913 abbatissa:

376 2951 564 3037 «Sponsus
586 2948 674 3012 enirn
691 2960 768 3013 tuus
788 2948 890 3013 mittit
915 2947 977 3012 tibi
996 2948 1078 3012 haec
1103 2971 1250 3013 munera.
1279 2975 1296 3010 »
1319 2953 1407 3015 Haec
1424 2974 1500 3016 cum

240 3061 294 3107 Col.
308 3064 361 3108 303.
374 3050 485 3139 puella
501 3047 657 3134 vidisset,
678 3061 867 3137 conpuncta
888 3061 939 3113 est
961 3049 1078 3129 corde,
1101 3062 1134 3114 et
1150 3048 1163 3139 Η
1181 3063 1257 3137 post
1275 3050 1347 3115 dies
1374 3075 1500 3139 paucos
1515 3079 1542 3115 r»

375 3149 503 3241 rogavit
525 3149 746 3228 abbatissam,
772 3163 808 3214 ut
832 3148 894 3214 sibi
929 3149 964 3213 in
992 3175 1055 3239 qua
1084 3151 1315 3217 includeretur
1346 3153 1499 3220 cellolam

374 3265 598 3341 praepararet.
618 3251 661 3316 At
675 3249 733 3315 illa
746 3251 907 3317 velociter
924 3252 1118 3340 perlectam,
1133 3253 1198 3318 ait:
1219 3280 1234 3316 α
1253 3257 1352 3334 Ecce,
1366 3254 1497 3344 inquid,

375 3353 546 3418 cellolam!
572 3352 660 3438 Quid
687 3378 777 3418 nunc
806 3354 1004 3419 desideras?
1031 3382 1045 3416 »
1078 3356 1192 3422 Puella
1218 3380 1297 3420 vero
1319 3356 1436 3444 petiit,
1464 3371 1501 3422 ut

375 3455 522 3521 reclaudi
540 3455 800 3544 permitteretur.
816 3457 914 3539 Quod
932 3480 1005 3521 cum
1018 3457 1047 3522 ei
1060 3457 1257 3546 praestitum
1272 3458 1345 3533 fnit,
1360 3483 1500 3549 congre·

332 3639 336 3644 Ι
373 3557 460 3648 gatis
475 3556 663 3647 virginibus
682 3581 756 3622 oum
773 3581 893 3648 magno
905 3558 1096 3647 psallentio,
1109 3559 1259 3625 accensis
1273 3559 1498 3650 lampadibus,
1516 3590 1542 3624 an

372 3671 510 3724 tenente
527 3658 590 3723 sibi
609 3661 724 3723 beatae
747 3658 954 3750 Radegunde
971 3684 1088 3740 manu,
1111 3662 1151 3726 ad
1168 3662 1277 3726 locum
1296 3687 1402 3753 usque
1422 3688 1502 3751 per-

373 3759 518 3826 ducitur.
546 3762 588 3825 Et
610 3758 658 3825 sic
684 3761 755 3826 vale
783 3763 938 3827 omnibus
959 3761 1085 3826 faciens
1112 3774 1145 3826 et
1166 3764 1322 3827 osculans
1350 3763 1502 3852 singulas

374 3887 540 3952 quasque,
558 3861 708 3928 reclausa
725 3876 795 3944 est;
815 3877 1009 3953 structoque
1028 3865 1136 3945 aditu,
1154 3889 1215 3954 per
1235 3890 1333 3956 quem
1347 3865 1501 3957 ingressa

373 3964 497 4043 fuerat,
515 3963 567 4036 ibi¹
586 3988 673 4029 nunc
695 3964 838 4030 orationi
856 3990 893 4031 ac
909 3967 1044 4031 lectioni
1063 3991 1196 4032 vacans.

418 4143 494 4232 (30).
526 4147 595 4210 Hoc
620 4167 708 4209 anno
732 4145 895 4233 Tyberius
923 4147 1105 4236 imperator
1124 4149 1279 4238 migravit
1302 4174 1319 4214 a
1344 4151 1498 4230 saeculo,
1517 4179 1542 4216 as

375 4270 531 4336 magnum
544 4246 670 4312 luctum
688 4246 881 4335 relinquens
897 4250 1031 4338 populis
1048 4251 1089 4316 de
1110 4250 1203 4316 obitu
1222 4275 1293 4317 suo.
1313 4255 1392 4317 Erat
1410 4251 1501 4318 enim

376 4347 495 4414 summi
510 4347 681 4428 bonitatis,
692 4349 727 4415 in
747 4348 960 4437 aelymosinis
974 4364 1163 4442 prumptus,
1174 4352 1208 4418 iu
1225 4351 1359 4419 iudiciis
1375 4351 1497 4434 iustus,
