3238 5140
453 487 617 536 HISTORIAE
635 487 835 537 Fulncouun
852 486 948 536 LIBIIR
964 487 983 534 l.
1262 487 1277 531 o

160 603 262 668 hodie
281 627 366 694 quae
386 605 421 669 in
436 605 507 694 ipsa
522 604 821 670 Hierusolimcrum
839 607 919 670 orbe
938 603 1089 670 caelebre
1107 603 1220 668 fertur.
1239 603 1276 666 In

160 707 226 771 hoc
241 720 354 772 monte
366 731 446 773 crux
462 721 586 786 saneta,
602 708 713 799 inqua
732 709 937 797 Redemptor
949 705 1075 771 adfixus
1092 717 1154 785 est,
1170 704 1274 783 stetit,

160 807 204 872 de
230 833 293 899 qua
319 823 351 875 et
373 811 489 876 beatus
518 809 574 875 ille
610 835 709 877 cruor
741 809 878 876 effluxit.
911 809 972 874 Hic
1001 833 1082 899 ergo
1109 809 1276 873 Abraham

160 910 285 1002 accipit
305 911 436 1004 signum
455 912 740 994 circumcisionis,
756 914 952 993 ostendens,
968 926 1006 978 ut
1024 912 1115 1002 quod
1135 910 1191 976 ille
1203 935 1276 1001 ges·

129 1039 143 1078 ⁵
161 1013 206 1078 sit
228 1013 264 1078 in
290 1039 430 1104 corpore
451 1041 512 1082 nos
532 1029 703 1105 portemus
722 1017 757 1082 in
780 1017 900 1095 corde,
925 1015 1058 1082 dicente
1084 1016 1273 1105 propheta:

164 1117 392 1183 Circumcidite
425 1144 479 1184 uos
508 1121 576 1184 Deo
604 1135 721 1199 oestro,
757 1135 788 1184 et
817 1120 1037 1184 circumcidite
1062 1122 1276 1208 praeputium

160 1222 269 1284 cordis
298 1222 433 1301 vestrt¹;
464 1235 498 1286 et
518 1221 626 1290 Nolite
648 1229 743 1314 sequi
771 1224 847 1288 deos
866 1223 1036 1303 alienos‘23
1067 1220 1273 1286 etiterum:

161 1321 297 1387 Omnem
328 1328 575 1389 incircumcisus
604 1326 701 1390 corde
727 1351 791 1390 uon
822 1331 943 1390 intrent
968 1329 1139 1389 incuncta
1162 1314 1273 1387 meuss.¹

161 1427 257 1490 Hunc
273 1425 440 1491 Abraham
455 1429 544 1492 Deus
556 1441 633 1516 post
650 1427 813 1493 adiectam
829 1426 955 1494 nomini
973 1426 1132 1516 syllabam
1148 1436 1276 1516 patrem

116 1551 144 1589 ro
162 1527 338 1592 multarum
356 1527 507 1618 gendum
529 1529 741 1618 nuncupavit.

204 1723 291 1786 VIII.
311 1724 354 1802 Is,
372 1745 446 1786 cum
467 1733 599 1787 centum
615 1736 704 1788 esset
724 1747 885 1788 annorum
898 1773 905 1802 ,
920 1722 1038 1814 genuit
1053 1726 1154 1788 Isaac.
1172 1725 1276 1788 Porro

160 1825 252 1886 Isaac
286 1822 484 1913 sexagisimo
513 1824 629 1888 aetatis
663 1847 751 1889 anno
786 1823 854 1890 nati
886 1837 965 1890 sunt
990 1822 1049 1888 filii
1077 1822 1202 1914 gemini
1235 1823 1277 1887 de

160 1925 325 1990 Rebecca.
353 1925 484 1990 Primus
515 1928 621 2006 Esau,
648 1924 704 2014 qui
735 1927 854 2004 Edam,
886 1925 920 1992 id
945 1939 996 1992 est
1018 1938 1193 2006 terrenus3
1220 1926 1278 2014 qui

159 2038 300 2113 propter
328 2026 440 2116 gulam
470 2026 614 2091 vindidit
648 2027 871 2118 primogenita
903 2051 971 2093 sua.
1006 2032 1080 2117 Ipse
1109 2035 1278 2115 est'pater

114 2155 142 2194 15
161 2129 405 2209 Idomaeorum‚
422 2130 463 2195 de
480 2129 573 2195 cuius
594 2130 812 2222 generatione
830 2142 946 2220 quarta
961 2143 1058 2196 natus
1077 2143 1128 2195 est
1142 2131 1213 2208 Iob,
1236 2131 1277 2194 ab

158 2233 225 2296 hoc
253 2243 304 2296 est
335 2235 439 2311 Esau,
472 2233 640 2324 Raguhel,
671 2236 768 2312 Zara,
802 2235 924 2312 Iohab,
949 2233 1005 2323 qui
1030 2246 1063 2298 et
1095 2233 1165 2297 Iob.
1188 2231 1279 2298 Vixit

160 2359 266 2398 annos
303 2335 520 2414 CCXLVIIII,
543 2334 769 2426 octoagesimo
789 2361 879 2400 nono
901 2359 989 2400 anuo
1022 2338 1063 2401 ab
1085 2334 1277 2400 infirmitate

159 2434 321 2500 liberatus
336 2450 397 2501 est.
415 2439 494 2502 Post
510 2437 736 2504 infirmitatem
747 2450 855 2501 autem
867 2439 981 2504 CLXX
993 2461 1110 2516 annos,
1125 2437 1278 2502 restituta

160 2537 194 2602 in
224 2538 363 2627 duplum
397 2539 507 2606 omnia
541 2540 715 2619 facultate,
747 2565 822 2606 cum
844 2540 945 2605 tantis
974 2539 1060 2606 sicut
1084 2538 1279 2629 perdiderat

111 2668 142 2708 aa
160 2639 237 2704 filiis
257 2641 468 2707 iocundatus.

203 2839 306 2904 VIIII.
330 2837 505 2902 Secundus
523 2839 622 2903 Iacob
644 2841 742 2920 Esau,
763 2840 863 2903 Iacob
880 2839 1022 2904 dilectus
1043 2839 1117 2918 Dei,
1132 2838 1218 2904 sicut
1234 2839 1343 2903 aitFol·
1356 2849 1378 2894 7.

159 2964 220 3029 per
235 2941 455 3028 prophetam:
478 2941 575 3004 Iacob
593 2941 707 3024 dilexi,
724 2943 818 3006 Esau
836 2957 945 3005 autem
964 2945 1036 3006 odio
1053 2943 1157 3006 habui
1169 2941 1192 3006 4.
1217 2941 1278 3006 Hic

159 3055 237 3132 post
256 3041 441 3133 angelicam
458 3043 582 3108 luctam
594 3055 730 3109 vocatus
741 3044 942 3122 estlsrahel,
959 3067 1052 3133 aquo
1069 3043 1275 3108 Israhelitae.

161 3148 221 3210 llic
238 3143 357 3235 genuit
366 3144 543 3210 duodecim
558 3146 765 3235 patriarchas
778 3171 920 3236 quorum
935 3147 1018 3210 haec
1035 3160 1112 3211 sunt
1122 3145 1275 3211 nomina:

115 3249 299 3326 asRuben,
338 3248 495 3326 Simeon,
529 3248 623 3327 Levi,
658 3250 772 3328 Iudas,
802 3251 948 3327 Isachar,
985 3248 1151 3328 Zabulon,
1187 3251 1276 3328 Dan,

160 3350 341 3439 Neptalim,
362 3349 435 3416 Gad
456 3363 489 3414 et
507 3351 601 3416 Aser.
623 3353 704 3417 Post
721 3353 785 3417 hoo
802 3351 919 3442 genuit
936 3352 1056 3440 Ioseph
1075 3352 1116 3416 de
1139 3352 1276 3432 Rachel,

160 3477 236 3517 cum
260 3463 350 3514 esset
376 3451 594 3541 nonagesimo
622 3454 770 3519 secundo
801 3454 919 3517 aetatis
945 3477 1022 3518 suae
1052 3477 1151 3518 anno.
1184 3455 1279 3518 Hunc

160 3552 282 3620 ceteris
302 3551 379 3617 liliis
396 3551 410 3643 Η
427 3553 501 3641 plus
524 3553 651 3619 dilexit.
677 3555 800 3620 Habuit
824 3580 864 3620 ex
886 3579 923 3620 ea
948 3569 981 3621 et
998 3554 1172 3621 Beniamin
1192 3555 1279 3620 ulte·
1291 3572 1344 3622 001.
1360 3573 1397 3620 12.

160 3682 248 3722 mum
270 3657 429 3721 omnium.
452 3659 572 3746 Ioseph
594 3669 702 3724 autem
729 3671 857 3723 sextum
875 3658 1040 3724 decimum
1057 3656 1174 3724 aetatis
1201 3681 1279 3722 suae

116 3788 146 3826 ao
160 3784 285 3824 aunum
302 3759 444 3840 habens,
463 3771 577 3848 typum
592 3762 783 3849 praeferens
795 3761 1043 3850 Redemptoris,
1057 3761 1141 3826 vidit
1152 3759 1280 3824 somnia

160 3887 245 3952 quae
264 3860 422 3926 fratribus
442 3863 585 3933 retulit:
610 3863 704 3953 quasi
725 3863 912 3952 manipulos
932 3865 1067 3956 legens,
1096 3889 1190 3929 suum
1214 3865 1279 3928 fra-

161 3976 247 4030 trum
269 3963 430 4053 manipuli
449 3965 644 4044 adorarent3
664 3965 847 4046 etiterum,
870 3966 964 4056 quasi
985 3967 1034 4032 sol
1054 3979 1087 4031 et
1103 3967 1182 4031 luna
1205 3991 1279 4032 cum

161 4066 316 4132 undecim
342 4066 447 4132 stellis
463 4068 686 4158 procederent
714 4081 789 4134 ante
816 4093 902 4134 eum.
932 4071 1023 4154 Quae
1048 4093 1101 4134 res
1124 4091 1279 4158 magnum

192 4375 214 4426 1.
233 4377 323 4426 Ierem.
339 4379 361 4434 4,
377 4377 548 4428 t.-a.1ttd.
564 4379 650 4442 35,15.
665 4407 696 4419 ο·
707 4381 730 4427 3.
746 4379 837 4432 Erech.
848 4380 885 4436 44,
895 4381 916 4428 o.
929 4407 959 4418 -
969 4381 991 4430 4.
1006 4377 1045 4427 ct.
1058 4378 1168 4430 Malach.
1184 4378 1209 4438 I,
1225 4380 1277 4430 ‘2-3.
