3256 5144
188 2349 241 2403 Fol.
255 2357 283 2402 75
295 2362 330 2430 vr.

349 497 393 544 182
634 495 791 546 GREGORII
810 495 1018 544 TURONENSIS
1036 492 1187 542 EPlSCOPI

348 615 555 678 verberatam
587 638 624 678 ac
660 611 822 703 sanguine
854 623 1071 689 cruentatam,
1106 607 1205 674 iussit
1239 606 1406 696 expoliare
1438 617 1472 668 et

348 717 497 804 piscinae
522 715 681 806 inmergi;
710 717 785 794 sed,
808 729 845 780 ut
866 716 1026 781 adserunt
1052 712 1166 793 multi,
1193 734 1373 799 numquam
1399 709 1471 772 ani·

348 843 437 884 mum
458 843 554 883 snum
572 843 589 882 a
610 817 676 884 fide
695 831 810 882 nostra
831 817 971 883 reflexit.
997 815 1210 906 Leuvigildus
1238 826 1347 880 autem
1377 809 1473 876 dedit

347 920 394 985 eis
415 945 518 1010 unam
545 920 586 985 de
613 921 815 999 civitatibus,
843 919 878 984 in
905 943 968 1008 qua
996 918 1190 982 resedentes
1210 927 1400 1006 regnarent.
1419 912 1471 977 hd

346 1046 445 1111 quam
466 1046 540 1087 cum
563 1022 732 1100 abissent,
757 1021 868 1111 coepit
892 1019 1055 1110 lugundis
1082 1019 1277 1108 praedicare
1298 1015 1370 1082 viro
1390 1039 1500 1093 sno,s

346 1137 393 1203 ut,
407 1123 524 1189 relicta
544 1123 673 1189 heresis
689 1121 838 1203 fallacia,
856 1122 1041 1189 catholicae
1056 1121 1140 1212 legis
1160 1120 1333 1186 veritatem
1351 1141 1471 1210 agnus·

346 1238 447 1290 ceret.
478 1225 576 1308 Quod
603 1225 658 1290 ille
687 1224 744 1289 diu
768 1225 935 1312 refutans,
962 1224 1097 1290 tandem
1123 1234 1308 1288 commotus
1333 1221 1374 1284 ad
1400 1217 1471 1284 eius
1539 1281 1545 1292 ,
1617 1235 1618 1248 ’

345 1326 649 1417 praedicationem,
685 1352 864 1394 conversus
897 1340 948 1392 est
976 1327 1017 1392 ad
1047 1326 1155 1416 legem
1178 1322 1394 1400 catholicam;
1433 1345 1472 1387 ac

344 1430 423 1494 dum
443 1426 666 1511 crismaretur,
697 1430 855 1494 Iohannis
881 1439 930 1492 est
954 1427 1129 1493 vocitatus.
1156 1426 1253 1510 Quod
1278 1449 1353 1491 cum
1375 1421 1471 1488 Levi·
1617 1497 1618 1506 χ

344 1531 455 1620 gildus
476 1529 641 1611 audisset,
661 1531 774 1619 coepit
797 1555 913 1596 causas
932 1554 1108 1620 quaerere,
1128 1528 1272 1618 qualiter
1294 1550 1369 1592 eum
1393 1549 1514 1614 per-10
1617 1513 1618 1592 l

345 1631 450 1696 deret.
475 1631 533 1696 llle
548 1655 627 1696 vero
650 1634 733 1697 haec
750 1631 968 1723 intellegens,
991 1633 1030 1696 ad
1049 1643 1179 1720 partem
1203 1655 1238 1694 se
1258 1625 1472 1718 imperatoris

344 1731 471 1823 iungit,
495 1733 611 1822 legans
637 1757 711 1798 cum
734 1735 939 1822 praefectum
966 1733 979 1824 [Ι
1003 1733 1073 1798 eius
1099 1729 1278 1809 amicitias,
1309 1727 1367 1819 qui
1391 1741 1472 1792 tunc

343 1834 537 1922 Hispaniam
562 1833 782 1924 inpugnabat.
812 1834 1026 1926 Lenvigildus
1054 1847 1162 1899 autem
1186 1831 1308 1898 direxit
1332 1831 1372 1895 ad
1396 1853 1472 1896 eum

343 1937 496 2016 nuntios,
515 1936 631 2001 dicens
654 1962 660 1999 :
683 1963 699 1998 n
720 1937 805 2003 Veni
823 1938 865 2001 ad
887 1961 956 2015 mc,
985 1937 1062 2024 qnia
1088 1947 1202 2000 extant
1223 1957 1358 2015 causae,
1388 1955 1472 2022 quas
1617 2015 1618 2018 Ἴ

343 2039 551 2104 conferamus
573 2038 682 2104 simul.
708 2065 724 2100 »
747 2041 788 2105 Et
808 2038 864 2104 ille
894 2065 899 2102 :
927 2066 943 2100 <r
964 2041 1038 2105 Non
1060 2037 1133 2118 ibo,
1158 2038 1235 2126 quia
1252 2036 1403 2100 infensus
1420 2047 1473 2100 est
1488 2060 1513 2100 15
1617 2107 1618 2110 Ἴ

344 2140 437 2220 mihi,
455 2164 517 2230 pro
533 2167 574 2208 eo
594 2142 684 2232 quod
703 2141 765 2206 sim
782 2141 978 2208 catholicus.
1002 2168 1018 2203 u
1038 2140 1080 2206 At
1098 2140 1174 2219 ille,
1196 2139 1282 2205 datis
1300 2139 1471 2228 praefecto
1617 2125 1618 2160 ³

341 2243 553 2332 imperatoris
581 2247 672 2310 XXX
695 2241 842 2330 milibus
858 2245 1058 2323 solidorum,
1082 2256 1119 2310 ut
1143 2268 1178 2307 se
1197 2243 1238 2306 ab
1259 2241 1330 2306 eins
1352 2239 1472 2306 solatio

343 2359 526 2427 revocaret,
545 2345 558 2437 [l
578 2360 745 2413 commotu
767 2347 934 2424 exercitu,
962 2360 1077 2411 contra
1105 2370 1180 2411 eum
1202 2343 1305 2409 venit.
1333 2345 1472 2408 Herme-

343 2448 500 2538 ncgildus
527 2473 618 2527 vern,
644 2449 771 2516 vocatis
805 2448 937 2528 Grecis,
974 2462 1090 2513 contra
1124 2459 1253 2536 patrem
1286 2445 1471 2538 egreditur,

336 2544 460 2614 ‘relicta
473 2550 509 2617 in
525 2552 608 2616 urbe
625 2553 768 2642 coniuge
790 2575 859 2615 sua.
886 2553 1036 2639 Cumque
1056 2550 1247 2642 Levigildus
1270 2573 1311 2613 ex
1332 2549 1472 2614 adverso
1486 2573 1514 2612 ao

342 2651 489 2730 veniret,
515 2652 651 2718 relictus
670 2677 687 2716 a
709 2652 851 2730 solacio,
875 2677 949 2717 cum
969 2651 1099 2716 videret
1118 2651 1202 2716 nihil
1228 2675 1262 2715 se
1281 2650 1472 2738 praevalere

343 2778 463 2844 posse,
486 2754 663 2834 eclesiam,
691 2753 747 2844 qui
776 2767 847 2819 erat
872 2756 1115 2844 propinquam,
1141 2751 1297 2841 expetiit,
1325 2751 1469 2816 dicens:

346 2881 362 2918 ι(
395 2857 470 2923 Non
492 2855 605 2934 veniat
628 2879 802 2946 superine
828 2868 925 2944 pater
952 2879 1064 2935 meus3
1086 2855 1178 2920 nefas
1208 2867 1259 2919 est
1283 2852 1391 2934 enim,
1417 2866 1475 2918 aut

344 2970 471 3047 patrem
498 2981 515 3021 a
539 2957 608 3022 filio
632 2970 688 3024 aut
709 2955 814 3022 filium
832 2955 849 3021 a
867 2971 961 3046 patre
983 2957 1140 3022 interfici.
1170 2984 1186 3019 i>
1217 2959 1306 3021 Haec
1333 2955 1473 3021 audiens

345 3059 554 3149 Levigildus,
585 3059 676 3125 misit
704 3061 743 3125 ad
774 3083 848 3125 eum
879 3061 1014 3124 fratrem
1042 3059 1130 3139 eins3
1151 3061 1225 3150 qui,
1258 3059 1336 3122 data
1362 3081 1515 3124 sacra-ss

346 3173 458 3226 menta
473 3185 515 3226 ne
535 3161 780 3242 humiliaretur,
803 3163 849 3226 ait
871 3189 877 3225 :
898 3189 914 3224 a
935 3165 983 3228 Tn
1004 3163 1126 3227 accede
1144 3175 1359 3250 prosternere
1375 3160 1473 3250 pedi-

341 3265 408 3328 'bus
429 3261 533 3350 patris
550 3263 675 3344 nostri,
694 3275 727 3330 et
743 3263 855 3330 omnia
872 3263 1027 3354 indulget
1045 3263 1118 3330 tibi.
1140 3291 1156 3326 n
1178 3264 1222 3328 At
1236 3262 1292 3328 ille
1316 3257 1475 3353 poposcit

346 3388 464 3429 vocare
497 3379 626 3454 patrem
652 3391 765 3446 snum3
794 3391 860 3455 quo
887 3365 1118 3458 ingrediente,
1151 3367 1331 3455 prostravit
1365 3389 1399 3430 se
1431 3365 1473 3429 ad

348 3466 451 3554 pedes
466 3467 567 3532 illius.
585 3468 643 3532 llle
656 3493 735 3534 vero
750 3470 1016 3558 adpraehensum
1028 3468 1190 3533 osculavit
1203 3493 1279 3534 eum
1291 3479 1324 3532 et
1335 3459 1473 3532 blandis

349 3568 560 3634 sermonibus
586 3569 763 3634 delinitum
794 3567 953 3652 duxitad
980 3583 1105 3648 castra;
1138 3569 1331 3660 oblitusque
1362 3577 1515 3634 sacra-so

349 3669 468 3749 menti,
506 3670 616 3736 innuit
646 3671 713 3736 suis
745 3686 779 3737 et
814 3673 1080 3762 adpraehensum
1111 3674 1291 3762 expoliavit
1326 3697 1401 3738 eum
1431 3673 1473 3736 ab

347 3769 553 3837 indumentis
574 3773 642 3839 suis
657 3771 835 3862 induitque
853 3775 946 3840 illum
964 3787 1056 3840 veste
1075 3773 1151 3860 vili;
1170 3799 1410 3866 regressusque
1431 3774 1473 3839 ad

348 3872 464 3938 urbem
489 3875 660 3954 Tolidum,
684 3875 803 3941 ablatis
832 3871 943 3966 pueris
965 3878 1053 3957 eius,
1087 3876 1177 3941 misit
1204 3901 1278 3942 eum
1304 3876 1339 3940 in
1371 3875 1472 3941 exilio

349 4000 422 4040 cum
438 3999 505 4042 nno
524 3989 652 4041 tantum
669 3977 857 4065 puorolum.

391 4214 543 4281 XXVllll
566 4212 642 4301 (39).
673 4212 778 4303 Igitur
812 4225 890 4302 post
916 4227 1057 4278 mortem
1088 4212 1233 4278 filiorum
1259 4211 1514 4302 Chilpericnsas
1617 4165 1618 4246 l

348 4337 404 4378 rex
431 4337 544 4380 mense
572 4316 721 4381 October
744 4313 777 4379 in
816 4313 949 4380 Cociam
983 4315 1096 4379 silvam
1129 4315 1249 4404 plenus
1278 4314 1370 4380 luctu
1397 4339 1471 4380 cum
