3256 5144
444 471 608 520 HISTOlllAE
627 471 828 520 FRANCORUM
846 473 942 521 LIBER
962 473 1000 518 vt.
1241 473 1285 519 ms

163 613 239 655 cum
257 587 445 676 Ephyl'anio
464 589 645 677 episcopo,
671 587 728 676 qui
749 600 828 654 tunc
848 613 866 653 a
887 590 1126 678 Langobardos
1153 589 1284 679 fugiens

164 690 311 756 Massilia
342 691 550 768 morabatur,
575 689 705 754 scilicet
728 691 818 778 quod
847 704 881 755 et
909 692 981 780 ipse
1004 689 1160 756 conscius
1186 688 1285 755 huius

133 790 137 798 ¹
165 815 282 858 causae
302 790 431 856 suisset.
453 791 604 856 Discussi
623 791 728 881 igitur
745 815 763 856 a
781 816 876 882 rege,
898 792 932 857 in
948 793 1041 858 nullo
1061 791 1188 858 inventi
1209 804 1286 856 sunt

164 893 314 960 crimine.
337 897 406 960 Rex
423 907 535 958 tamen
555 893 654 958 iussit
675 917 733 958 eos
753 895 814 958 sub
835 893 988 960 custodia
1005 896 1147 985 degere3
1169 895 1286 983 inqua

31 1073 33 1082 y
137 1009 240 1087 spost
261 996 363 1061 multa
382 994 545 1085 supplicia
568 995 773 1083 Ephylanius
787 996 966 1086 episcopus
984 996 1080 1075 obiit,
1099 997 1286 1064 Gundoval-

163 1099 226 1166 dus
240 1122 319 1163 vero
337 1097 372 1162 in
396 1097 504 1162 insula
527 1097 626 1162 maris
647 1098 802 1178 secessit,
829 1098 1025 1188 exllpeetans
1049 1111 1203 1164 eventum
1224 1100 1282 1163 rei.
1298 1117 1352 1164 Cot.
1365 1119 1417 1163 aas.

163 1203 435 1267 Guntchramnus
456 1225 535 1264 vero
562 1199 629 1266 dux
650 1223 724 1264 cum
745 1200 830 1265 duce
855 1200 1101 1267 Guntchramni
1123 1200 1211 1291 regis
1232 1223 1285 1264 res

162 1302 373 1369 Gundovaldi
394 1302 509 1367 divisit
523 1314 556 1367 et
576 1326 689 1367 seeum
709 1301 859 1367 Arverno
882 1302 1004 1368 detulit
1024 1303 1229 1380 inmensum,
1251 1315 1286 1366 ut

161 1405 288 1483 ferunt,
312 1405 441 1495 argenti
457 1405 591 1493 pondus
609 1416 642 1468 et
659 1405 731 1470 auri
750 1404 802 1469 vel
824 1404 1027 1494 reliquarum
1041 1429 1162 1470 rerum.

124 1612 146 1649 ιο
206 1588 294 1654 XVII
325 1585 401 1673 (25).
434 1585 533 1651 Anno
562 1598 680 1650 octavo
711 1584 921 1652 Childeberti
953 1584 1042 1675 regis
1073 1583 1282 1674 pridielal.

160 1685 377 1767 Febroarias,
410 1712 484 1752 eum
504 1688 559 1753 die
583 1686 753 1752 dominico
774 1686 863 1774 apud
887 1689 1004 1753 urbem
1024 1685 1224 1754 Toronicam
1243 1686 1285 1751 ad

161 1791 341 1854 matutinus
360 1789 491 1880 signum
511 1801 712 1856 commotum
729 1789 859 1868 fuisset,
874 1800 908 1854 et
922 1789 1066 1878 populus
1085 1811 1227 1878 surgens
1244 1788 1284 1853 ad

160 1891 315 1956 eclesiam
354 1891 565 1969 conveniret,
602 1891 694 1956 caelo
732 1891 866 1972 nubilo,
906 1915 981 1956 eum
1017 1889 1128 1979 pluvia
1163 1891 1284 1980 globus
1374 1947 1377 1952 ,

160 2018 299 2084 magnus
317 1993 436 2084 igneus
454 1996 495 2059 de
515 1993 608 2059 caelo
630 1993 800 2081 dilapsus,
827 1993 860 2058 in
886 1995 991 2084 spatia
1010 1993 1112 2058 multa
1137 1994 1285 2058 cucurrit

122 2119 145 2157 15
160 2095 194 2160 in
216 2120 304 2174 aera,
331 2095 387 2184 qui
413 2109 539 2162 tantam
562 2096 669 2161 lucem
694 2095 808 2176 dedit,
832 2108 869 2162 ut
897 2109 1066 2184 tamquam
1091 2095 1200 2160 media
1229 2092 1283 2160 die

159 2197 269 2262 omnia
301 2211 529 2263 cernerentur.
559 2196 572 2286 l}
597 2202 670 2281 Quo
696 2197 817 2262 iterum
844 2198 879 2262 in
902 2199 992 2264 nube
1021 2211 1195 2287 suscepto,
1218 2221 1282 2262 nox
1295 2211 1348 2260 1³01.
1363 2214 1400 2258 88.

160 2300 331 2366 successit.
353 2299 467 2389 Aquae
484 2324 562 2364 vero
578 2312 669 2364 extra
692 2299 790 2365 solito
810 2300 1038 2378 invaluerunt;
1060 2325 1135 2364 nam
1153 2312 1282 2365 tantum

158 2400 377 2467 inundatione
394 2403 529 2490 Sygona
549 2403 769 2488 Matronaque
787 2399 876 2465 circa
893 2400 1038 2467 Parisios
1056 2401 1280 2479 invaluerunt,

93 2579 97 2588 1
158 2515 195 2566 ut
220 2503 307 2567 inter
331 2500 498 2566 civitatem
522 2514 556 2566 et
592 2500 764 2566 basilicam
790 2501 897 2567 sancti
929 2499 1086 2568 Laurenti
1111 2500 1282 2592 naufragia

116 2629 142 2668 ro
158 2627 256 2693 saepe
277 2602 524 2691 contingerent.

199 2787 305 2852 XVlll
336 2783 411 2872 (26).
443 2785 715 2850 Guntchramnus
740 2808 874 2872 quoque
902 2783 968 2848 dux
996 2785 1181 2849 Arvernum
1207 2807 1280 2850 curn

157 2884 358 2976 supradictis
395 2884 561 2949 thesauris
598 2910 771 2964 reversus,
805 2886 845 2950 ad
878 2884 1132 2950 Childebertum
1168 2909 1280 2976 regem

157 2987 249 3052 abiit.
269 2990 419 3075 Cumque
436 2986 556 3051 exinde
574 2987 810 3077 regrederetur
826 3011 900 3051 eum
918 3012 1021 3053 uxore
1040 3000 1074 3052 et
1088 2986 1241 3071 filiabus,
1264 3012 1279 3052 a
1356 3049 1359 3052 .

106 3163 110 3170 ,
157 3091 446 3158 Guntchramnum
465 3111 577 3178 regem
604 3091 878 3177 conpraehensus
900 3088 1119 3166 retinebatur,
1146 3087 1280 3153 dicente

113 3190 219 3256 nasibi
241 3215 352 3282 regem
374 3217 380 3254 :
406 3192 511 3256 «Tua
537 3188 689 3254 invitatio
711 3190 849 3254 adduxit
869 3189 1125 3257 Gundovaldum
1145 3188 1180 3253 in
1201 3190 1280 3256 Gal·

155 3293 228 3372 leis,
247 3305 280 3358 et
295 3293 338 3357 ob
353 3294 418 3356 hoc
432 3303 508 3356 ante
524 3293 585 3356 hos
603 3315 709 3357 annos
725 3290 823 3356 abisti
840 3290 1204 3378 Constantinopolim.»
1219 3293 1279 3358 Cui

155 3393 211 3458 ille
235 3421 240 3456 :
263 3419 279 3455 «
297 3392 519 3471 Mummolus,
547 3393 684 3481 inquid,
707 3393 774 3458 dux
797 3406 874 3459 tuus
898 3394 971 3482 ipse
990 3391 1130 3480 suscipit
1152 3418 1226 3458 eum
1248 3408 1280 3459 et

155 3496 189 3560 in
211 3495 406 3561 Avennione
427 3519 539 3560 secum
560 3495 717 3560 retenuit.
741 3497 837 3561 Nune
858 3508 966 3560 autem
979 3495 1136 3582 permitte
1157 3519 1221 3575 me,
1244 3511 1280 3561 ut

155 3597 317 3662 adducam
351 3596 461 3683 ipsum
496 3595 580 3674 tibi,
618 3597 765 3662 inmunis
794 3621 851 3662 ero
891 3599 931 3662 ab
967 3595 1020 3661 his
1061 3621 1146 3685 quae
1184 3622 1279 3686 repu-

113 3727 139 3762 κο
154 3710 268 3764 tantur
287 3697 380 3762 mihi.
407 3725 421 3759 n
445 3697 506 3762 Cui
522 3721 581 3763 rex
601 3699 647 3763 ait
667 3725 673 3761 :
698 3726 713 3760 n
733 3701 808 3764 Non
827 3698 1017 3787 permittam
1035 3711 1068 3762 te
1086 3697 1191 3776 abire,
1214 3699 1279 3764 nisi

154 3800 273 3891 dignas
291 3801 362 3865 luas
383 3823 508 3890 poenas
530 3825 589 3887 pro
612 3801 664 3866 his
684 3825 768 3889 quae
788 3801 996 3866 commisisti.
1023 3829 1038 3862 n
1060 3800 1104 3864 At
1123 3800 1179 3866 ille
1206 3826 1278 3867 cer-

154 3927 238 3968 nens
268 3927 303 3967 se
330 3916 471 3968 mortem
492 3905 733 3992 propinquam,
762 3902 807 3967 ait
834 3930 839 3966 :
868 3931 883 3966 a
912 3906 997 3968 Ecce
1020 3903 1124 3968 filium
1150 3906 1276 3967 meum!

155 4002 296 4092 Suscipe
312 4002 422 4082 illum,
447 4016 480 4068 et
504 4003 549 4069 sit
568 4006 667 4069 obses
685 4028 746 4092 pro
771 4003 823 4069 his
848 4029 933 4093 quae
961 4003 1121 4092 promitto
1142 4002 1278 4068 domino

154 4129 227 4171 meo
246 4104 335 4196 regi;
357 4118 390 4170 et
406 4103 470 4169 nisi
488 4105 706 4171 Mummolum
721 4106 883 4170 adducam
901 4105 983 4185 tibi,
1003 4105 1141 4194 perdam
1160 4127 1279 4194 parvo·

110 4210 220 4275 aslum
245 4232 365 4274 meum.
413 4234 431 4270 n
467 4209 560 4274 Tune
588 4230 646 4274 rex
669 4207 823 4296 permisit
858 4232 932 4273 enm
971 4207 1082 4286 abire,
1114 4217 1279 4272 retentum

152 4333 266 4378 secum
287 4309 359 4376 eius
379 4309 590 4376 inlantolum.
619 4309 660 4374 rlt
683 4309 759 4387 ille,
782 4307 968 4397 adsumptis
988 4331 1100 4375 secum
1121 4308 1279 4374 Arvernis
