3226 5156
363 432 411 478 2124
647 431 805 480 GREGORII
822 431 1029 480 TURONENSIS
1046 431 1196 480 EPISCOPI

368 548 463 612 berto
478 546 581 612 dedit.
606 548 797 614 Vocabatur
817 545 906 612 enim
930 549 1098 637 Gaganae.
1127 549 1252 612 Omnes
1274 546 1363 613 enirn
1385 571 1480 637 reges

366 648 477 739 gentis
492 648 581 714 illius
596 651 660 714 hoc
677 649 887 738 appellantur
902 647 1048 714 nornine.

410 830 516 918 XXIII
534 827 610 917 (30).
630 828 905 919 Sigibertusvero
921 854 979 894 rex
993 830 1215 896 Arelatensim
1233 832 1350 896 urbem
1364 855 1481 918 capere

232 948 287 996 col.
300 948 353 995 170.
367 929 521 1020 cupiens,
543 931 709 995 Arvernos
728 954 935 996 commovere
959 930 1134 1021 praecipit.
1158 935 1236 998 Erat
1256 931 1269 1022 {l
1291 934 1380 997 enim
1403 945 1481 998 tunc

366 1032 532 1099 Firminus
550 1055 661 1099 comes
678 1032 771 1100 urbis
791 1031 897 1111 illius,
918 1033 1070 1122 quicum
1093 1033 1175 1122 ipsis
1199 1033 1233 1098 in
1257 1033 1366 1123 capite
1384 1035 1477 1107 abiit,
1508 1063 1520 1098 t
1602 1067 1603 1116 p

360 1136 435 1218 ¹Sed
467 1148 501 1202 et
527 1135 569 1200 de
600 1133 663 1199 alia
693 1148 787 1224 parte
814 1135 1021 1200 Audovarius
1048 1161 1122 1202 curn
1155 1135 1302 1202 exercitu
1334 1137 1479 1204 advenit.
1602 1127 1603 1138 ἵ

367 1237 579 1330 Ingressique
622 1239 736 1302 urbem
767 1237 1005 1319 ArelatensIm,
1033 1250 1257 1303 .sacramenta
1290 1262 1352 1328 pro
1389 1251 1482 1328 parte

368 1340 528 1432 sigiberti
553 1340 641 1432 regis
675 1354 869 1432 exegerunt.
908 1341 1006 1425 Quod
1039 1366 1114 1406 eum
1146 1343 1399 1408 Gunthramnus
1427 1367 1483 1410 rex

368 1443 593 1531 conperisset,
614 1444 767 1510 Caelsum
787 1442 965 1531 patricium
988 1467 1062 1527 curn
1085 1443 1232 1509 exercitu
1251 1443 1333 1508 illuc
1352 1442 1480 1534 dirigit.

368 1545 432 1629 Qui
457 1545 589 1625 abiens,
611 1545 814 1612 Avennicam
833 1547 950 1610 urbem
976 1545 1123 1611 abstulit.
1155 1545 1327 1611 :locedens
1349 1547 1524 1612 Arelatem

369 1661 402 1713 et
428 1649 552 1714 vallans
575 1673 665 1728 eam,
694 1650 881 1738 inpugnare
906 1649 995 1738 regis
1015 1648 1196 1714 exercitum
1223 1647 1404 1739 Sigiberti,
1428 1651 1484 1740 qui

249 1761 304 1810 rol.
319 1752 454 1834 ttinlra
473 1776 584 1817 muros
605 1752 877 1832 continebantur,
900 1750 1020 1839 eoepit.
1047 1748 1061 1842 ll
1083 1754 1176 1818 Tunc
1210 1752 1384 1818 sabaudus
1414 1753 1484 1842 epi·

291 1844 295 1850 ¹
360 1879 490 1944 ,scopus
512 1854 597 1920 dixit
616 1855 656 1920 ad
674 1879 731 1920 eos
754 1881 792 1918 :«
813 1852 1018 1944 Egredimini
1037 1853 1117 1918 foris
1144 1865 1177 1917 et
1195 1853 1277 1918 inite
1298 1868 1482 1934 certamen,

369 1955 525 2046 quianon
539 1957 693 2047 poteritis
709 1957 770 2022 sub
787 1979 956 2021 murorum
972 1955 1188 2020 conclusione
1203 1955 1365 2047 degentes
1377 1981 1485 2046 neque

368 2083 430 2123 nos
448 2083 556 2148 neque
576 2060 668 2126 urbis
683 2057 780 2124 istius
797 2058 947 2124 subiecta
966 2056 1156 2122 defendere.
1176 2057 1273 2141 Quod
1295 2058 1321 2123 si
1337 2082 1395 2124 vos
1414 2062 1485 2125 Deo
1502 2085 1528 2124 rs
1602 2051 1603 2112 l

368 2161 514 2251 propitio
532 2161 608 2227 illos
627 2161 816 2240 devincitis,
837 2184 897 2226 nos
915 2159 1028 2238 fidem,
1047 2183 1143 2248 quam
1163 2159 1388 2249 promisimus,
1411 2187 1485 2228 cus·
1602 2119 1603 2192 l

368 2263 534 2343 todimus3
556 2265 583 2329 si
605 2287 683 2329 vero
708 2262 758 2328 illi
777 2275 892 2329 contra
909 2287 967 2346 vos
991 2260 1210 2341 invaluerint,
1229 2285 1306 2327 eece
1324 2276 1486 2328 reseratas

369 2365 568 2454 repperietis
598 2367 728 2455 portasi
758 2362 1011 2456 Ingrediemini,
1038 2387 1081 2428 ne
1110 2363 1305 2454 pereatis.»
1334 2367 1404 2430 Hoc
1438 2365 1485 2431 illi

368 2467 446 2532 dolo
464 2467 589 2548 delusi,
613 2467 739 2559 egressi
766 2468 866 2546 foris,
895 2466 1020 2552 bellum
1036 2477 1163 2554 parant.
1187 2465 1254 2532 Sed
1278 2467 1424 2557 superati
1445 2470 1486 2532 ab

369 2571 515 2635 exercitu
547 2569 675 2649 Caelsi,
713 2570 823 2660 fugam
849 2568 985 2646 ineunt,
1016 2565 1255 2656 venientesque
1281 2568 1322 2633 ad
1350 2571 1483 2650 urbem,
1502 2599 1531 2639 ro

368 2683 481 2760 portas
519 2672 715 2763 repperiunt
749 2673 931 2736 obseratas.
967 2672 1117 2759 Cumque
1151 2669 1316 2736 exercitus
1346 2696 1365 2736 a
1390 2685 1486 2764 tergo

368 2767 484 2838 iaculis
516 2773 671 2839 feriretur
701 2772 954 2863 operireturque
988 2770 1157 2861 lapidibus
1194 2773 1235 2836 ab
1259 2774 1409 2856 urbanis,
1445 2777 1485 2840 ad

369 2901 497 2941 amnem
521 2877 719 2943 Rhodanum
755 2875 925 2965 dirigunt,
961 2874 1075 2963 ibique
1114 2873 1238 2961 parmis
1268 2876 1483 2964 superpositi,

363 2979 560 3044 ,ulteriorem
594 2977 699 3069 ripam
729 2990 900 3066 expetunt.
937 2977 1003 3044 Sed
1036 2977 1158 3042 multos
1186 3001 1226 3042 ex
1248 2975 1300 3040 his
1328 2977 1487 3044 violentia

368 3083 475 3146 amnis
488 3080 637 3169 direptos
660 3079 831 3172 enegavit‚
860 3079 1005 3168 fecitque
1030 3079 1188 3144 Rodanus
1206 3093 1285 3145 tunc
1308 3079 1483 3160 Arvernis,
1501 3110 1529 3148 ss
1602 3119 1603 3122 κ

368 3183 458 3272 quod
476 3182 594 3248 fecisse
606 3183 774 3273 quondam
792 3185 930 3248 Semoes
947 3180 1072 3272 legitur
1088 3181 1129 3246 de
1146 3181 1327 3250 Troianis:

878 3285 1037 3374 Correpta
1054 3285 1113 3348 snb
1133 3284 1228 3348 lindis

456 3389 558 3452 Sem
573 3395 716 3452 virorum
733 3387 915 3478 galeasque
931 3401 961 3450 et
972 3388 1076 3478 sortia
1090 3411 1231 3475 corpora
1251 3387 1356 3452 volvit.

454 3488 624 3581 Apparent
638 3496 713 3554 rori
727 3505 880 3554 tentantes
896 3494 929 3553 r'n
943 3495 1075 3578 gurgite
1095 3503 1186 3552 casto
1201 3490 1224 3552 ¹.

367 3592 439 3673 Qne
456 3590 510 3655 vix
529 3591 684 3671 natandi,
698 3605 733 3658 ut
747 3591 905 3671 diximus,
922 3590 1077 3680 inpulsu,
1097 3614 1351 3680 parmarumque
1376 3590 1481 3659 adiuti
1499 3603 1527 3658 {ro
1602 3599 1603 3624 ¹

367 3691 597 3771 amminiouIO,
625 3693 735 3758 litoris
765 3693 901 3759 alterius
926 3693 1025 3782 plana
1057 3691 1253 3782 contingere
1289 3706 1483 3782 potuerunt.
1602 3681 1603 3692 ³

368 3792 432 3877 Qui
449 3794 563 3859 nudati
584 3819 602 3859 a
623 3797 735 3874 rebus,
758 3798 799 3861 ab
816 3794 985 3886 equitibus
999 3794 1163 3874 destituti,
1184 3818 1250 3858 non
1267 3793 1339 3860 sine
1356 3798 1486 3885 grande

368 3897 568 3962 contumelia
591 3896 717 3987 patriae
742 3898 886 3964 restituti
905 3910 992 3963 sunt.
1015 3896 1164 3963 Firmino
1184 3909 1293 3962 tamen
1316 3910 1350 3962 et
1368 3899 1484 3964 Audo-

367 3995 457 4062 vario
482 3997 679 4064 discedendi
708 3999 760 4066 via
791 4000 921 4066 indulta
952 4010 1012 4065 est.
1043 3996 1156 4089 Magni
1181 3997 1228 4062 ibi
1258 4012 1337 4065 tuno
1366 3998 1428 4066 viri
1446 4026 1488 4065 ex

368 4099 525 4166 Arvernis
559 4125 626 4167 non
656 4103 762 4168 solum
786 4100 945 4167 torrentis
971 4101 1098 4190 impetu
1123 4099 1222 4189 rapti,
1247 4125 1360 4166 verum
1383 4104 1483 4168 etiam
1500 4131 1529 4168 as

399 4336 421 4384 1.
439 4334 536 4400 Vergil.
549 4338 619 4395 den„
634 4337 658 4388 1.
672 4339 729 4396 l00,
744 4338 786 4386 tol
797 4375 803 4395 ,
816 4337 868 4386 118.
