3226 5156
347 450 391 496 lat
629 444 787 496 GREGORH
806 445 1013 498 TURONENSIS
1031 445 1205 497 episcopie

347 564 569 632 examinatum
583 576 688 641 esset3
712 562 1067 633 siceum-coloratum
1081 563 1224 654 ingenio
1241 562 1354 630 neseio
1372 562 1464 651 qnod

347 667 544 736 snitu-Unde
566 665 718 731 nonnulli
747 668 811 730 hoc
835 665 913 729 dolo
938 689 979 733 se:
994 666 1327 736 divitiarumatantes
1355 676 1389 730 et
1408 689 1478 738 aes·

347 767 568 858 accipientes„
588 768 856 858 pauperes:laeti
891 780 978 834 sunt.
999 767 1052 832 Hii
1078 767 1464 859 vero..ad.·Sygibert·um

247 909 251 918 ·
321 895 465 963 rregem·
482 884 710 949 transeuntes,
741 872 778 934 in
799 870 891 948 loeo,
917 871 1006 935 unde
1037 871 1295 960 priua-egressi·
1315 871 1468 949 fueraut„-

348 973 486 1038 stabiliti
503 986 590 1038 sant.
781 1011 794 1024 ..
1146 1017 1148 1021 -
1473 992 1490 1036 e

377 1172 415 1224 te,
429 1171 458 1224 In
471 1187 498 1218 re
519 1185 551 1225 ne
565 1176 651 1221 autem
662 1169 788 1233 sigiberti
805 1169 889 1232 regis,
903 1176 1001 1216 remote
1017 1169 1049 1216 ab
1069 1168 1166 1224 honore
1183 1167 1273 1216 Iovino
1287 1173 1386 1214 rectore
1398 1167 1464 1214 Pro-

345 1187 582 1289 vinciae,'hli>inus
594 1231 621 1279 in
633 1232 690 1279 loco
700 1232 755 1280 eiua
767 1233 933 1294 subrogatur.
948 1231 988 1278 Ma
1010 1247 1070 1278 nam
1083 1231 1152 1277 enim
1163 1229 1232 1277 inter
1243 1245 1286 1276 eos
1298 1228 1465 1277 inimicitiam

345 1295 411 1343 haee
420 1310 500 1343 causa
511 1310 559 1342 eon
580 1293 652 1346 assit,
661 1293 747 1357 Igitur
758 1293 956 1346 advenientibus
969 1309 983 1340 a
1014 1293 1147 1366 cataplum
1156 1291 1342 1340 Massiliensim
1351 1292 1464 1350 navibus

346 1357 538 1412 transmarinis,
550 1309 639 1420 tiigitii
651 1356 827 1404 archidiaconi
837 1357 955 1403 homines
967 1362 1132 1428 septuaginta
1145 1371 1208 1403 vasa
1219 1371 1283 1442 quas
1296 1354 1376 1417 vulgo
1388 1370 1464 1402 oreas

347 1425 441 1468 vocant
452 1418 503 1467 olei
523 1419 725 1482 liquaminisque
746 1419 825 1466 iurati
842 1423 915 1476 sunt,
935 1425 1064 1465 nesciente
1082 1417 1364 1490 domino.›llegotiator
1376 1417 1507 1472 autem'm

347 1498 406 1542 cum
415 1481 594 1545 cognovisset,
608 1481 658 1529 sibi
672 1498 727 1530 rein
739 1483 809 1531 furto
826 1481 944 1535 ablatam
960 1481 1053 1535 luisse,
1067 1480 1197 1545 inquirere
1211 1479 1351 1542 diligenter
1363 1479 1462 1544 coepit,

274 1549 276 1554 ’
347 1561 397 1608 quo
411 1546 509 1592 lurtum
520 1543 547 1590 in
564 1543 620 1592 loco
632 1544 723 1592 luisset
737 1543 909 1591 reconditum
922 1543 989 1590 llaec
999 1541 1146 1606 inquirens,
1161 1541 1256 1589 audita
1267 1541 1388 1604 quodam,
1403 1539 1465 1605 'quia

345 1606 524 1662 hochonlines
539 1605 628 1678 Vigilii
642 1606 836 1654 archidiaconis
854 1612 1057 1670 perpetrassent.
1076 1605 1233 1653 Perveniunt
1250 1604 1313 1651 haec
1330 1604 1364 1652 ad
1375 1604 1464 1652 arohi-

346 1667 489 1729 diaconem,
507 1668 551 1731 qui
570 1669 704 1732 inquirens
721 1676 745 1716 et
758 1669 906 1731 inveniens,
923 1684 1087 1732 nequaquam
1107 1667 1255 1731 publicare,
1275 1667 1320 1713 scd
1341 1682 1465 1714 excusare

347 1728 411 1778 sues·
421 1731 513 1794 coepit,
527 1728 615 1777 dicens
632 1744 639 1781 :
655 1747 667 1778 u
681 1731 827 1794 Numquam
840 1745 961 1793 egressus
975 1737 1014 1777 est
1024 1730 1055 1776 dc
1066 1729 1142 1777 domo
1154 1727 1271 1792 mea,qui
1280 1729 1345 1776 talia
1358 1729 1466 1777 auderet
1481 1737 1507 1776 15

347 1794 491 1842 admittere.
506 1809 518 1848 a
530 1793 631 1842 ,Taliter
643 1792 753 1856 denique
768 1799 907 1842 excusante
921 1793 1116 1847 archidiacono,
1134 1792 1282 1855 negotiator
1296 1793 1329 1839 ad
1341 1792 1465 1841 Albinum

346 1856 445 1920 pergit;
459 1871 565 1902 causam
577 1855 659 1903 exerit
667 1862 692 1902 ct
704 1855 912 1903 archidiaconem
924 1854 1063 1903 incrimine
1075 1853 1257 1903 fraudishuius
1268 1853 1378 1902 mixtum
1392 1871 1466 1902 accu-

347 1925 396 1966 sat.
416 1919 562 1966 Dicentem
581 1924 670 1965 saneta
687 1917 783 1966 natalis
801 1917 947 1966 dominicae
972 1918 1095 1981 episcopo
1118 1918 1145 1964 in
1169 1916 1279 1964 ecelesia
1301 1918 1463 1972 adveniente,

213 1978 666 2030 Col.186.archidiaconusiadutus
685 1980 773 2027 albam
791 1980 880 2036 adest,
895 1979 1059 2044 episcopum,
1077 1983 1087 2040 ΙΙ
1102 1987 1131 2028 ut
1150 1996 1206 2027 mos
1223 1985 1274 2036 est,
1299 1979 1414 2028 invitans
1431 1979 1465 2026 ad

347 2043 429 2091 altare
441 2042 535 2090 debere
547 2041 686 2106 procedere
699 2054 729 2089 ac
742 2043 905 2090 solemnitate
921 2041 972 2090 diei
992 2042 1076 2089 sancti
1094 2049 1221 2106 oportuno
1239 2041 1333 2090 debere
1348 2050 1464 2105 tempore
1478 2048 1508 2085 2⁰

346 2105 551 2158 celebrareNee
568 2117 653 2157 mora.
671 2105 781 2154 Albinus
793 2105 825 2151 de
840 2105 900 2152 sede
912 2104 1033 2158 exiliens,
1047 2104 1240 2168 adprehensum
1255 2105 1465 2154 archidiaconem

346 2168 472 2224 detrahit,
495 2167 591 2231 pugnis
613 2167 780 2230 calcibusque
799 2167 883 2214 caedit
898 2174 923 2214 et
941 2166 1059 2214 custodia
1078 2167 1203 2215 carcerali
1220 2163 1329 2215 coartat.
1348 2168 1464 2230 Proque

345 2237 488 2293 numquam
499 2229 616 2277 obtinere
625 2235 766 2292 potuerunt
775 2245 822 2276 nec
833 2229 972 2293 episcopus
982 2245 1029 2276 nec
1041 2227 1128 2286 cives„
1138 2237 1189 2278 u'on
1201 2230 1289 2277 nullus
1302 2230 1386 2278 maior
1401 2236 1465 2276 natu

345 2308 392 2340 nec
405 2293 464 2356 ipsa
473 2308 523 2340 vox
534 2292 614 2341 totius
625 2292 716 2356 populi
729 2292 916 2356 adclamantes,
928 2299 956 2339 ut
966 2292 1034 2340 datis
1049 2292 1247 2341 fideiussoribus
1258 2293 1327 2340 diem
1346 2299 1465 2340 sanctum

346 2355 528 2402 archidiacono
541 2353 617 2401 liceat
626 2370 685 2402 cum
696 2353 950 2418 reliquiscelebrare,
958 2361 1034 2418 atque
1045 2355 1176 2402 accusatio
1184 2363 1280 2402 'causae
1290 2355 1316 2402 in
1329 2361 1465 2419 posterum
1479 2362 1510 2400 25

344 2417 452 2465 deberet
470 2416 568 2465 audiri·
585 2417 635 2464 Sed
659 2432 706 2464 nec
729 2415 761 2464 de
774 2416 834 2480 ipsa
855 2423 1031 2466 sacrosancta*
1044 2418 1171 2472 solemnia
1194 2423 1293 2466 motum
1308 2417 1409 2473 hahuit,
1436 2423 1465 2464 ut

347 2479 495 2527 ministrum
514 2479 637 2542 dominici
658 2479 750 2536 altaris
768 2479 816 2526 tali
836 2478 862 2526 in
881 2479 922 2526 dic
946 2495 996 2527 non
1015 2479 1116 2527 audiret
1135 2479 1263 2543 adripere.
1284 2480 1352 2535 Quid
1370 2480 1466 2543 plura?

256 2591 258 2598 ,
346 2541 464 2598 Quatuor
483 2541 556 2588 milia
575 2541 719 2590 solidorum
735 2541 945 2589 archidiaconem
963 2541 1157 2599 condemnarit;
1176 2541 1245 2605 quod
1265 2542 1293 2590 iu
1315 2542 1468 2606 praesentia·

346 2605 415 2668 regis
428 2603 554 2668 Sigiberti
561 2604 676 2663 veniens,
687 2604 836 2671 quadrupla
847 2604 1032 2661 satisfactione,
1043 2605 1195 2670 insequente
1207 2605 1305 2664 Iovino,
1317 2604 1469 2669 conposuit.⁴

389 2775 479 2856 XXX
496 2771 573 2866 (44).
596 2775 676 2838 Post
690 2762 778 2837 'haec
804 2759 1192 2866 tres'Langobardorum
1211 2774 1334 2854 duces,
1355 2773 1389 2838 id
1413 2786 1465 2838 est
1481 2799 1511 2838 so

344 2877 440 2956 Amo,
463 2877 573 2941 Zaban
592 2899 628 2939 ac
646 2874 821 2953 Rodanus,
842 2874 966 2941 Gallias
987 2874 1207 2965 inruperunt.⁴
1224 2879 1265 2942 Et
1285 2875 1368 2940 Amo
1389 2875 1465 2966 qui-

344 2980 420 3045 dem
450 2978 725 3044 Ehreduuensem
758 3002 898 3066 carpens
931 2977 1033 3059 viam,
1072 2971 1178 3069 usque
1205 2980 1324 3045 Mache
1352 2978 1466 3044 villam

344 3079 505 3172 Avenniei
522 3077 695 3159 territurii,
707 3102 805 3169 quam
815 3081 1016 3146 Mummolus
1026 3106 1162 3146 munere
1174 3095 1341 3148 meruerat
1354 3081 1462 3174 regio,

344 3183 501 3264 aecessit;
521 3181 634 3282 ibique
652 3181 723 3247 lixit
737 3181 892 3248 tentoria.
909 3184 1108 3249 Zabanvero
1128 3209 1188 3273 per
1201 3184 1468 3276 Virdunensemll

344 3286 545 3353 discendens
566 3286 695 3365 urbem,
718 3309 823 3374 usque
839 3285 1024 3382 Valentiam
1040 3285 1147 3366 venit,
1169 3279 1283 3376 ibique
1301 3299 1334 3351 et
1355 3287 1464 3352 castra
1480 3314 1511 3354 as

344 3387 470 3486 posuiti
491 3388 673 3460 Rhodanus
689 3385 777 3452 enim
795 3385 1138 3477 Gratianopolitanam
1158 3389 1465 3486 ulrbemadgressus

344 3504 414 3571 cst,
435 3490 549 3579 ibique
563 3488 751 3582 papiliones
768 3490 930 3557 extendit..
949 3494 990 3557 Et
1001 3493 1085 3557 Amo
1099 3491 1464 3584 quoqueArelatensim

344 3591 524 3686 debellavit
551 3590 756 3681 provinciam
783 3617 857 3657 cum
885 3593 1024 3658 urbibus
1057 3594 1113 3684 qui
1136 3587 1346 3686 circumsitae
1371 3607 1462 3684 sunt,

344 3719 451 3784 usque
470 3693 580 3785 ipsum
594 3693 776 3784 Lapideum
797 3719 966 3785 campum,
987 3697 1076 3786 quod
1094 3685 1217 3765 adiaeit
1234 3699 1351 3763 urbem
1374 3699 1464 3764 Mas-

345 3795 533 3876 siliensem,
547 3797 727 3876 acoedcnS,
744 3809 812 3886 tam
831 3797 873 3862 de
893 3798 1071 3886 pecoribus
1087 3823 1185 3890 quam
1205 3799 1246 3864 de
1267 3798 1461 3890 hominibus
1479 3827 1508 3864 lo

345 3897 536 3980 denudavit.
555 3897 768 3987 aquensibus
780 3909 889 3964 autem
905 3899 1116 3971 obsidionem
1128 3901 1267 3992 paravit,
1281 3902 1323 3967 de
1340 3902 1463 3992 quihus

344 3999 462 4094 viginti
488 4001 617 4066 duabus
641 4000 736 4066 libris
764 4004 892 4090 argenti
924 4003 1087 4092 acceptia,
1107 4001 1120 4093 ll
1137 4003 1310 4068 abscessit.
1339 4003 1463 4095 Sieque

346 4103 510 4182 Rodanus¹
522 4127 559 4168 ac
575 4104 684 4168 Zaban
698 4101 733 4168 iu
748 4101 831 4169 locis
851 4103 972 4193 quibus
990 4091 1200 4171 accesserant
1213 4106 1375 4171 lecerunt.
1397 4110 1462 4191 Qui

345 4229 419 4270 oum
437 4205 622 4288 Mammula
635 4204 763 4295 perlata
775 4205 1119 4286 fuissent,exercitum
1141 4206 1242 4273 movit
1257 4221 1290 4272 et
1307 4208 1459 4298 Radani),

344 4309 400 4397 qui
416 4306 759 4402 Gratianopolitanam
775 4310 891 4388 urbem
906 4310 1108 4389 debellabat,
1129 4309 1284 4376 occurrit.
1306 4312 1373 4377 Sed
1387 4309 1460 4378 cirin
1475 4337 1506 4376 aa
