3256 5144
389 494 433 540 188
673 493 831 552 GREGORH
850 493 1059 542 TURONENSIS
1079 493 1231 542 EPlSCOPl

389 621 498 673 sectae
532 608 749 695 perversitas,
786 608 892 698 ipsius
927 609 1073 674 auctoris
1102 609 1222 688 vestri,
1256 609 1291 674 id
1317 621 1369 675 est
1406 609 1515 690 Arrii,

388 709 573 798 expraessit
599 709 766 776 interitus.
792 737 809 773 u
835 711 887 778 Ad
910 714 992 777 haec
1010 711 1067 776 ille
1095 711 1303 799 respondit:
1332 737 1349 773 u
1374 713 1513 800 Legem,

388 835 486 900 quam
506 836 573 876 non
592 811 692 891 colis,
713 813 946 902 blasphemare
969 814 1058 893 noli3
1082 838 1143 878 nos
1165 837 1243 878 vero
1267 837 1351 902 quae
1377 811 1517 877 creditis

388 925 499 978 etnon
516 913 684 980 credimus
700 929 896 981 nontamen
914 917 1206 1005 blasphemamus;
1229 915 1391 1005 quianon
1409 916 1516 1002 depu-

387 1015 647 1095 taturorimine,
670 1016 697 1080 si
719 1029 754 1081 et
775 1016 832 1081 illa
860 1030 895 1082 et
917 1018 974 1084 illa
997 1017 1160 1084 colantur.
1191 1017 1248 1083 Sic
1270 1018 1359 1082 enim
1378 1017 1545 1106 vulgatos

388 1140 542 1182 sermone
562 1117 718 1199 dicimus,
740 1143 808 1184 non
824 1144 897 1186 esse
918 1121 1070 1200 noxium,
1098 1119 1126 1184 si
1144 1119 1232 1184 inter
1245 1117 1423 1209 gentilium
1441 1143 1517 1182 aras

388 1231 421 1282 et
439 1218 499 1284 Dei
526 1221 681 1286 eclesiam
707 1221 782 1310 quis
804 1221 971 1286 transiens
991 1235 1132 1311 utraque
1156 1233 1344 1286 veneretur.
1368 1247 1385 1282 a
1412 1218 1517 1285 Cuius

269 1335 323 1382 Fol.
338 1337 374 1383 78.
387 1345 451 1410 ego
482 1322 655 1388 stultitiam
696 1348 850 1405 cernens,
881 1323 953 1390 aio:
973 1323 986 1414 ΙΙ
1015 1351 1032 1388 a
1058 1328 1102 1392 Ut
1129 1324 1240 1403 video,
1272 1335 1305 1388 et
1337 1320 1517 1412 gentilium

388 1423 598 1490 defensorem
616 1438 649 1490 et
670 1426 905 1492 heredicorum
923 1427 1129 1492 adsertorem
1152 1439 1186 1492 te
1207 1451 1280 1492 esse
1301 1424 1515 1502 manifestas,

388 1550 464 1591 cuin
480 1527 687 1594 eclesiastica
708 1530 864 1620 dogmata
880 1530 1026 1595 maculas
1053 1542 1088 1595 et
1111 1553 1317 1619 paganorum
1336 1527 1516 1616 spurcitias
1533 1551 1561 1589 ra

388 1628 562 1716 praedicas
576 1630 725 1696 adorare.
746 1630 858 1696 Satius
868 1681 876 1712 ,
891 1630 1025 1720 inquio,
1040 1631 1202 1711 faciebas,
1222 1633 1250 1695 si
1268 1653 1306 1697 ea
1324 1643 1355 1696 te
1372 1640 1517 1694 armaret

388 1728 488 1810 fides,
509 1753 608 1818 quam
629 1731 798 1798 Abraham
821 1733 862 1797 ad
887 1732 1040 1814 bilicem,
1065 1735 1136 1798 lsac
1154 1731 1188 1798 in
1211 1733 1333 1814 ariete,
1357 1733 1458 1798 Iacob
1479 1729 1516 1794 in

388 1831 512 1920 lapide,
533 1835 665 1922 Moyses
682 1834 767 1899 vidit
780 1835 815 1900 in
835 1846 946 1917 sente3
960 1859 1059 1924 quam
1074 1833 1185 1900 Aaron
1202 1831 1347 1922 portavit
1362 1831 1395 1898 in
1407 1831 1512 1922 logio,

388 1933 494 1998 David
511 1934 668 2000 exultavit
685 1937 720 2000 in
739 1948 914 2024 tympano,
937 1936 1096 2002 Salomon
1123 1933 1329 2024 praedicavit
1352 1934 1387 1998 in
1411 1933 1515 1999 intel-

387 2035 492 2114 lectu;
512 2059 611 2126 quam
632 2061 748 2103 omnes
763 2037 993 2126 patriarchae,
1015 2040 1201 2127 prophetae
1218 2037 1287 2102 sive
1299 2037 1353 2103 lex
1370 2035 1444 2126 ipsa
1461 2036 1514 2101 vel
1531 2062 1558 2100 15

388 2137 532 2204 oraculis
568 2138 713 2203 caecinit
742 2141 793 2204 vel
829 2140 1003 2206 sacrificiis
1037 2141 1207 2231 figuravit;
1238 2163 1336 2229 quam
1362 2151 1395 2204 et
1423 2163 1514 2204 nunc

388 2264 547 2328 praesens
564 2240 765 2331 suffragatur
779 2242 943 2310 Martinus
962 2255 1078 2308 noster
1096 2243 1148 2307 vel
1163 2240 1309 2331 possidit
1323 2241 1357 2306 in
1375 2252 1513 2330 pectore

387 2340 437 2406 vel
453 2341 603 2407 ostendit
618 2342 653 2407 in
669 2367 788 2432 opere,
809 2357 846 2410 ut
864 2356 898 2409 ct
916 2357 952 2410 tu
977 2368 1157 2410 conversus
1175 2342 1323 2409 crederis
1340 2341 1513 2430 insepara-

388 2442 488 2510 bilem
507 2444 721 2525 Trinitatem,
746 2459 780 2511 et
800 2461 973 2536 acceptam
991 2470 1009 2510 a
1028 2445 1127 2512 nobis
1145 2443 1416 2511 benedictionem
1433 2469 1513 2532 pur-

386 2561 533 2638 gataque
551 2572 569 2612 a
586 2549 672 2615 malo
689 2540 897 2616 credulitatis
914 2573 1043 2614 veneno
1062 2552 1218 2638 pectore,
1235 2547 1430 2612 delerentur
1446 2548 1512 2612 ini·
1527 2575 1558 2612 aa
1622 2599 1623 2610 ,

387 2649 532 2738 quitates
559 2662 645 2718 tuae.
672 2677 689 2714 u
716 2655 757 2717 Et
782 2653 839 2717 ille
862 2653 973 2718 lurore
996 2665 1182 2718 commotus
1213 2663 1246 2714 et
1279 2649 1393 2716 nescio
1430 2649 1513 2738 qnid

387 2754 482 2840 quasi
497 2753 634 2818 insanus
651 2752 824 2834 frendens,
837 2753 883 2819 ait
900 2778 908 2820 r
924 2782 941 2818 «
957 2754 1044 2820 Ante
1063 2753 1172 2818 anima
1189 2755 1230 2818 ab
1245 2752 1345 2818 huius
1360 2751 1513 2840 corporis

385 2854 528 2920 vinculis
547 2855 693 2932 emittet,
716 2879 814 2945 quam
834 2858 876 2921 ab
895 2856 963 2922 ullo
983 2855 1166 2945 relegionis
1186 2868 1316 2922 vestrae
1336 2853 1513 2920 sacerdote

386 2957 623 3022 benedictione
641 2955 814 3045 accipiam.
835 2985 852 3019 »
870 2961 911 3022 Et
927 2982 989 3048 ogo
1010 2983 1017 3021 :
1040 2985 1058 3019 «
1082 2959 1152 3024 Nec
1173 2969 1321 3022 nostram
1346 2953 1513 3020 Dominus

386 3059 590 3149 relegionern
609 3057 677 3124 sive
696 3059 795 3124 fidem
806 3059 851 3124 ita
871 3072 1063 3148 taepcscere
1080 3058 1194 3139 iaciat,
1214 3071 1250 3124 ut
1269 3057 1512 3124 distribuamus
1526 3085 1556 3122 as

384 3162 455 3228 eius
476 3175 628 3228 sanctum
648 3161 785 3228 canibus
815 3187 852 3226 ac
872 3161 1113 3251 praetiosarum
1136 3161 1389 3251 margaritarum
1417 3183 1512 3225 sacra

384 3264 496 3351 porcis
530 3263 762 3352 squalentibus
787 3265 1029 3351 exponamus¹.
1061 3291 1076 3326 u
1112 3264 1155 3328 At
1178 3265 1260 3328 haec
1290 3262 1364 3343 ille,
1395 3262 1511 3328 relicta

384 3365 613 3445 altercatione,
634 3367 778 3432 surrexit
788 3378 821 3430 et
836 3366 929 3430 abiit.
954 3367 1021 3431 Sed
1037 3379 1113 3454 post
1132 3369 1231 3447 haec,
1249 3389 1324 3430 cum
1341 3365 1374 3429 in
1393 3363 1511 3454 Hispa·

384 3467 449 3532 niis
466 3491 617 3532 reversus
635 3467 769 3550 fuisset,
792 3467 827 3532 in
848 3466 1042 3532 infirmitate
1059 3468 1272 3546 debilitatus,
1294 3467 1334 3531 ad
1360 3479 1509 3533 nostram

384 3569 609 3658 relegionem,
626 3570 827 3636 necessitate
847 3583 1003 3660 cogente,
1020 3595 1201 3636 conversus
1220 3582 1281 3635 est.
1525 3595 1552 3633 aa

427 3751 548 3813 XXXll
571 3747 647 3836 (44).
679 3751 744 3814 Per
771 3749 861 3814 idern
883 3762 1014 3840 tempus
1044 3749 1255 3839 Chilpericus
1284 3774 1342 3815 rex
1373 3752 1509 3840 scripsit

383 3849 584 3929 indiculum,
608 3863 643 3914 ut
666 3864 780 3916 sancta
805 3851 951 3917 Trinitas
974 3877 1041 3917 non
1067 3855 1101 3917 in
1123 3876 1341 3942 personarum
1369 3851 1509 3918 distinc-

383 3951 503 4032 tione,¹
521 3953 579 4018 sed
604 3965 732 4017 tantum
758 3956 848 4019 Deus
875 3953 1115 4034 nominaretur,
1145 3955 1304 4020 adserens
1329 3953 1509 4044 indignum

247 4076 301 4124 Cot.
317 4077 369 4126 257.
383 4080 476 4134 esse,
501 4068 537 4120 ut
561 4058 651 4120 Deus
669 4081 813 4146 persona
837 4057 923 4122 sicut
944 4059 1044 4122 homo
1075 4082 1216 4122 carneus
1244 4055 1505 4148 .nominarel}tur;

384 4156 563 4223 adfirmans
583 4157 682 4225 etiam
706 4160 815 4248 ipsum
834 4183 907 4224 esse
934 4162 1083 4239 Patrem,
1106 4161 1162 4248 qni
1181 4173 1233 4224 cst
1253 4159 1377 4239 Filius,
1400 4160 1507 4226 idem·
1523 4187 1549 4226 :rs

415 4377 437 4422 1.
457 4375 495 4425 ct.
508 4378 599 4426 Matih.
612 4381 634 4436 7,
649 4381 671 4428 6.
