3220 5158
351 453 383 498 42
636 451 793 502 uunuuuu
812 453 1020 503 TURONENSIS
1037 455 1187 504 EPISCOPI

322 651 325 657 Ι
354 569 568 635 memoranda
588 575 668 649 sint,
689 593 794 658 genus
813 595 982 662 moresque
1000 573 1106 636 ordiri
1123 573 1243 661 placet.
1265 572 1470 637 Gaudentius

349 688 459 762 pater,
476 674 598 735 Scitiae
604 677 796 760 prouinciae
810 679 969 762 primoris
982 674 1056 755 loci,
1070 699 1092 738 a
1103 677 1316 739 domesticatu
1333 699 1470 738 exorsus

353 776 528 856 miliciam,
555 799 656 865 usque
687 777 732 840 ad
754 782 937 865 magisterii
958 783 1101 868 equitum
1130 778 1258 842 culmen
1282 791 1467 866 provectus.

353 879 463 944 Mater
487 871 591 956 Itala,
628 878 744 942 nobilis
773 903 813 942 ac
851 879 993 968 locuples
1016 882 1154 970 femina.
1187 878 1303 944 Aetius
1326 880 1419 965 filius
1450 905 1471 942 a

350 1005 454 1070 puero
477 984 730 1069 praetutianus,
757 983 860 1046 tribus
889 987 985 1046 annis
1010 981 1141 1046 Alarici
1163 983 1325 1063 obsessus,
1351 983 1498 1047 deliaca

357 1084 565 1164 Chunorum
582 1084 754 1172 posthaec
773 1083 970 1174 Corpilionis
989 1109 1102 1174 gener,
1124 1109 1164 1149 en
1182 1091 1296 1149 comite
1318 1087 1471 1150 domesti-

238 1193 292 1240 col.
305 1197 343 1242 57.
355 1210 466 1250 corum
483 1200 514 1249 et
529 1186 684 1250 loliannis
701 1188 920 1276 curapalatii.
941 1191 953 1274 ll
970 1189 1072 1252 Medii
1081 1194 1245 1276 corporis,
1265 1188 1368 1252 uirilis
1381 1187 1471 1252 ltali-

355 1289 495 1367 tudinis,
513 1289 664 1352 decenter
684 1291 867 1379 formatus,
892 1291 981 1381 qnod
1003 1313 1106 1379 neque
1129 1290 1365 1376 infirmitudine
1391 1305 1473 1355 esset

354 1415 457 1481 neque
466 1395 569 1469 oneri,
580 1395 690 1454 anieno
699 1391 798 1474 lacer,
808 1394 960 1458 membris
969 1397 1102 1482 cegitns,
1115 1393 1258 1482 aequiis1
1265 1397 1471 1482 prumptissi-

355 1517 439 1573 mus,
448 1498 647 1582 sagittarum
659 1499 746 1557 iactu
751 1500 894 1582 peritus,
905 1509 1002 1558 contu
1015 1500 1153 1584 inpiger,
1165 1495 1257 1559 bellis
1268 1501 1470 1584 aptissimus,
1487 1521 1514 1559 ιο

351 1597 462 1685 plagis
476 1597 604 1660 artibus
622 1596 774 1676 celebres,
786 1597 908 1662 nullius
924 1602 1104 1676 avariciae,
1123 1601 1254 1662 minime
1270 1599 1468 1688 cupiditatis,

356 1699 447 1762 bonis
471 1703 576 1762 animi
588 1701 781 1787 praeditus,
814 1725 871 1763 nec
894 1701 1116 1789 inpulsoribns
1144 1701 1273 1789 quidem
1294 1707 1409 1790 procis
1431 1702 1472 1765 ab

356 1805 502 1866 instituto
535 1825 594 1866 sno
623 1802 776 1882 devians,
806 1809 1006 1868 iniuriarum
1032 1808 1310 1892 patientissimus,
1342 1803 1473 1868 labores

356 1903 531 1993 adpetens,
562 1908 735 1993 inpavidus
749 1906 994 1995 periculorum,
1021 1908 1145 1996 famis,
1172 1911 1260 1985 sitis,
1285 1907 1473 1996 uigiliarum

357 2007 640 2071 tolerantissimus.
671 2009 733 2073 Cui
755 2009 796 2072 al
823 2014 976 2090 ineu[n]te
998 2022 1106 2071 aetate
1121 2009 1330 2096 praedictum
1353 2009 1471 2098 liquet,
1489 2034 1513 2073 15

357 2123 502 2200 quantae
527 2116 752 2198 paenitentiae
786 2112 869 2202 fotis
907 2112 1140 2191 distenaretur,
1179 2113 1377 2200 temporibus
1405 2117 1474 2176 suis

358 2211 499 2300 locisque
518 2212 767 2277 caelebrandus.
801 2217 889 2278 Haec
914 2211 1125 2300 supradictus
1149 2212 1404 2304 historiografus
1431 2214 1473 2279 de

240 2338 294 2386 Fol.
308 2338 344 2384 19.
357 2313 453 2378 Aetio
485 2327 607 2384 narrat.
642 2314 785 2381 Adultus
822 2328 930 2381 autem
951 2314 964 2404 {l
987 2315 1239 2382 Valentinianus
1278 2317 1471 2404 imperator,

358 2429 528 2497 metuens,
558 2441 600 2482 ne
625 2442 660 2482 se
684 2443 745 2507 per
767 2419 979 2508 tyrannidem
1004 2417 1119 2483 Aetius
1147 2431 1376 2507 oppremeret,
1399 2444 1473 2483 eum
1594 2495 1595 2508 χ

357 2520 457 2584 nullis
472 2519 579 2584 causis
596 2521 787 2586 extantibus
801 2521 983 2586 interemit.
1002 2521 1069 2610 lpsi
1083 2523 1296 2610 postmodum
1312 2535 1472 2612 augustus
1486 2549 1513 2587 ao
1594 2509 1595 2576 i

357 2623 435 2687 dum
448 2624 483 2687 in
501 2647 618 2712 campo
638 2624 758 2688 Martio
772 2649 833 2712 pro
850 2623 1011 2689 tribunali
1033 2625 1192 2688 resedens
1217 2624 1475 2690 concionaretur

357 2725 398 2789 ad
415 2725 593 2815 populum,
616 2726 747 2806 Occila,
767 2726 988 2792 buccellarius
1004 2726 1110 2804 Aetii,
1133 2727 1307 2791 adversum
1322 2728 1471 2807 veniens,

357 2853 431 2892 eum
449 2828 561 2918 gladio
574 2828 731 2918 perfodit.
751 2828 839 2894 Talis
855 2827 1006 2918 utrisque
1027 2828 1233 2894 extititfinis.

401 2972 475 3037 Vlll
496 2971 549 3059 (9)
569 2973 619 3036 De
637 2974 840 3038 Francorum
855 2996 933 3037 vero
950 2973 1103 3062 regibus,
1124 2973 1198 3060 quis
1214 2971 1313 3035 suerit
1327 2970 1470 3060 primuS,

358 3073 504 3138 amultis
525 3072 709 3164 ignoratur.
729 3075 812 3140 Nam
829 3098 903 3138 cum
922 3074 1024 3138 multa
1044 3074 1086 3140 de
1106 3073 1154 3138 eis
1177 3072 1318 3162 Sulpicii
1337 3073 1475 3138 Alexan·
1488 3102 1514 3140 25

358 3177 410 3242 dri
427 3189 539 3241 narret
555 3175 715 3255 historia,
733 3201 801 3240 non
815 3190 926 3242 tamen
939 3202 1052 3267 regem
1066 3177 1210 3265 primum
1229 3201 1343 3242 eorum
1358 3176 1475 3244 Valen-

358 3278 448 3344 tinus
466 3278 631 3359 nominat,
655 3279 713 3344 sed
734 3280 836 3344 duces
862 3304 920 3344 eos
940 3280 1098 3344 hahuisse
1122 3277 1217 3343 dicit.
1246 3282 1337 3362 Quae
1365 3292 1475 3344 tamen

358 3383 400 3448 de
430 3380 556 3447 eisdem
584 3382 720 3462 referat,
749 3406 934 3447 memorare
959 3381 1102 3447 videtur.
1142 3383 1226 3448 Nam
1264 3405 1338 3446 cum
1375 3381 1474 3462 dicit,

350 3483 537 3564 ¹Maximum
553 3484 641 3548 iutra
660 3483 866 3574 Aquileiam,
894 3485 1047 3549 amissam
1068 3508 1200 3550 omnem
1219 3509 1312 3574 spem
1331 3483 1474 3574 imperii,

350 3587 454 3680 *quasi
472 3599 618 3651 mentem
635 3587 811 3666 resedere,
834 3587 988 3676 adiungit
1010 3612 1015 3650 :
1035 3588 1085 3651 Eo
1105 3600 1246 3675 tempore
1266 3586 1475 3684 Genobaude‚
1490 3615 1515 3654 su
1594 3629 1595 3652 i

359 3691 564 3756 Marcomere
581 3704 611 3753 et
628 3691 783 3754 Sunnone
804 3690 940 3754 diesibus
964 3692 1090 3754 Franci
1112 3694 1144 3752 in
1168 3689 1381 3754 Germaniam
1400 3715 1476 3778 pro-

359 3817 522 3882 rumpere,
543 3817 583 3856 ac
594 3793 749 3882 pluribus
758 3792 947 3856 mortalium
964 3792 1065 3856 limite
1081 3797 1212 3881 inrupto
1226 3797 1342 3872 caesis,
1352 3792 1478 3882 fertiles

360 3900 502 3959 mamma
529 3920 635 3985 pagos
676 3893 880 3984 depopulati,
928 3893 1147 3984 Agrurenensi
1190 3899 1288 3958 etiam
1326 3895 1478 3960 Coloniae

360 4013 479 4064 nactum
498 4005 715 4062 incusserunt,
732 3998 830 4084 Quod
846 3998 901 4062 ubi
919 3997 1075 4062 Treverus
1087 3997 1254 4087 perlatum
1271 4011 1335 4076 est,
1352 3997 1478 4066 Nanni-

361 4128 423 4167 nus
446 4115 476 4166 et
506 4100 847 4188 Quintinusmilitaris
864 4105 1031 4189 magistri,
1049 4102 1167 4190 quibus
1187 4101 1330 4189 infantia
1354 4099 1419 4186 filii
1450 4113 1479 4163 et
1491 4127 1516 4167 se
1594 4157 1595 4182 ἶ

361 4205 578 4296 defensionem
598 4201 783 4268 Galliarum
798 4203 968 4268 Maximus
986 4208 1210 4282 commiserat,
1232 4201 1367 4266 collecta
1389 4226 1477 4266 ener·
1594 4197 1595 4204 ἵ

363 4313 445 4385 citu,
460 4307 551 4395 apud
560 4303 756 4395 Agripinam
772 4319 999 4370 convenerunt.
1013 4305 1079 4370 Sed
1092 4310 1202 4370 onusti
1211 4303 1344 4395 praeda
1359 4305 1475 4384 liastes,

396 4447 417 4494 l.
437 4449 507 4495 Corr.
521 4445 613 4512 equiis.
