3220 5158
405 493 570 542 HISTORIAE
591 490 791 542 FRANCOIIUII
808 493 904 544 LIBER
921 494 954 542 11.
1203 491 1232 538 57

50 604 55 687 l
112 631 207 672 suam
220 609 329 698 capite
349 609 420 676 eius
439 610 563 676 defixit.
590 638 606 674 t(
625 610 697 690 Sic,
717 609 845 700 inquit,
858 623 894 676 tu
912 612 1060 677 Sexonas
1075 607 1110 674 in
1130 632 1229 674 urceo

109 707 170 775 illo
191 711 314 777 fecisti.
336 738 353 774 »
379 716 453 797 Quo
474 726 605 778 mortuo
629 711 643 804 ll
663 712 810 802 reliquos
833 712 1014 778 abscedere
1031 707 1140 791 iubet,
1161 718 1383 775 ma-Folatvn

49 816 52 851 '¹
108 838 217 903 gnum
235 813 299 880 sibi
313 839 374 905 per
390 817 476 881 hanc
501 840 633 882 causam
654 815 808 881 timorem
826 827 986 882 statuens.
1014 815 1118 880 Multa
1142 813 1229 879 bella

48 914 52 1015 ξ
108 913 339 1006 victoriasque
364 917 454 984 fecit.
483 919 565 985 Nam
585 919 716 984 decimo
743 917 838 1009 regni
863 916 912 982 sui
938 941 1025 981 auno
1050 915 1229 1007 Thoringis

48 1018 52 1052 ⁵
83 1017 240 1084 5bellum
255 1017 370 1084 intulit
383 1020 586 1110 eosdemque
598 1019 665 1085 suis
683 1019 873 1085 dicionibus
895 1017 1093 1110 subiugavit.

47 1203 48 1224 t
154 1163 281 1229 XVIIII
295 1161 371 1251 (28).
387 1163 465 1229 Fuit
477 1162 579 1254 igitur
593 1175 626 1229 et
637 1163 864 1229 Gundeuohus
880 1187 937 1227 rex
946 1159 1228 1254 ¹Burgundionum
1240 1174 1294 1224 Col.
1308 1177 1346 1223 80.

46 1339 47 1344 η
109 1287 148 1327 ex
163 1288 292 1354 genere
306 1263 499 1329 Athanarici
518 1263 606 1356 regis
623 1263 865 1354 persecutoris,
884 1265 938 1329 oui
957 1287 1057 1352 supra
1075 1262 1227 1328 memini-

108 1389 195 1429 mus.
232 1363 317 1430 Huic
341 1365 475 1429 fuerunt
503 1378 660 1455 quattuor
683 1365 774 1430 filii:
804 1365 1050 1445 Gundobadus,
1080 1365 1228 1455 Godegi-

45 1499 49 1565 Ι
108 1466 221 1546 selus,
247 1465 458 1555 Chilpericus
473 1479 507 1532 et
528 1468 748 1534 Godomarus.
769 1466 874 1557 Igitur
890 1466 1119 1533 Gundobadus
1140 1464 1228 1532 Chil-

44 1565 265 1656 ‚apericum
296 1567 430 1634 fratrem
455 1593 548 1634 suum
574 1567 741 1634 interfecit
763 1567 876 1659 gladio
905 1591 1106 1657 uxoremque
1137 1568 1225 1647 eius,

43 1642 49 1783 l
106 1668 258 1760 legatum
291 1671 332 1735 ad
358 1670 482 1736 collum
513 1670 678 1760 lapidem,
705 1671 798 1761 aquis
824 1668 986 1763 inmersit.
1014 1669 1119 1736 Huius
1145 1671 1227 1736 duas

107 1771 195 1838 filias
214 1771 313 1838 exilio
329 1772 579 1852 condemnavit3
602 1797 740 1862 quarum
757 1771 870 1837 senior
885 1785 1009 1838 mutata
1027 1786 1118 1839 veste
1135 1786 1227 1839 veste

107 1876 240 1955 Crona,
258 1873 369 1939 iunior
385 1873 613 1940 Chrotchildis
631 1876 822 1941 vocabatur.
840 1876 944 1940 Porro
957 1875 1224 1954 Chlodovechus‚

106 1977 189 2042 dum
206 1975 409 2068 legationem
429 1975 464 2041 in
480 1975 707 2066 Burgundiam
719 1975 851 2066 saepius
870 1975 984 2055 mittit,
998 1976 1226 2043 Chrotchildis

69 2103 92 2142 rs
107 2079 222 2168 puella
240 2078 429 2168 repperitur
447 2102 465 2143 a
480 2080 600 2170 legatis
621 2077 704 2144 eius.
734 2080 892 2163 Quicum
916 2103 953 2144 ea
977 2078 1140 2146 vidissent
1162 2081 1226 2146 ele-

106 2194 245 2271 gantem
267 2177 365 2271 atque
392 2180 576 2269 sapientem
602 2195 635 2248 et
658 2180 911 2272 cognovissent,
945 2182 1034 2271 quod
1065 2183 1106 2248 de
1133 2183 1226 2274 regio

108 2295 200 2348 esset
229 2308 370 2374 genere,
404 2283 647 2350 nunciaverunt
675 2285 757 2349 haec
781 2282 1018 2350 Chlodovecho
1044 2283 1126 2376 regi.
1156 2289 1226 2354 Nec

39 2350 44 2479 l
107 2398 257 2451 moratus
275 2385 331 2450 ille
352 2387 393 2451 ad
417 2386 663 2453 Gundobadum
685 2385 886 2477 legationem
908 2385 1046 2477 diriget,
1068 2411 1140 2452 eam
1162 2387 1226 2454 sibi

39 2526 42 2563 μ
106 2486 141 2552 in
159 2485 373 2553 matrimonio
389 2501 519 2579 petens.
541 2489 638 2571 Quod
654 2487 702 2552 illi
721 2510 874 2552 recusare
897 2499 1068 2568 metuenS,
1087 2488 1227 2554 tradidit

38 2585 41 2677 Ἰ
68 2614 93 2652 20
108 2614 181 2656 eam
198 2591 296 2671 viris;
315 2589 432 2680 illique
450 2589 653 2679 accipientes
665 2590 827 2680 puellam,
847 2589 917 2681 regi
932 2588 1078 2656 velocius
1095 2615 1226 2680 reprae-

109 2706 256 2760 sentant.
287 2697 358 2778 Qua
386 2694 473 2772 visa,
500 2716 558 2758 rex
581 2692 676 2757 valde
700 2691 852 2783 gavisus,
880 2718 939 2758 suo
963 2718 1035 2758 eam
1068 2693 1225 2786 coniugio

108 2795 261 2876 sociavit,
273 2796 401 2861 habens
417 2794 525 2860 iamde
544 2793 785 2860 concubinam¹
804 2794 908 2859 lilium
924 2793 1058 2860 nomine
1074 2796 1225 2863 Theodo-

109 2923 229 2966 rrcum.

36 3033 38 3052 ’
152 3045 214 3110 ΧΧ
232 3042 309 3130 (29).
332 3041 437 3132 Igitur
455 3066 494 3106 ex
514 3041 735 3107 Chrotchilde
756 3041 870 3132 regina
889 3039 1008 3108 habuit
1029 3040 1133 3107 filium
1156 3043 1226 3131 pri·

36 3139 38 3206 J
70 3171 95 3209 aa
109 3144 328 3236 mogenitum.
350 3147 456 3228 Quem
475 3169 549 3209 oum
567 3143 687 3208 mulier
706 3144 872 3234 baptismo
893 3167 1089 3209 consecrare
1104 3146 1223 3227 vellet,

36 3263 37 3320 t
107 3246 326 3337 praedicabat
349 3245 501 3312 assiduae
526 3245 613 3327 viro,
637 3246 753 3312 dicens
782 3274 788 3312 :
818 3246 945 3313 «Nihil
969 3259 1048 3312 sunt
1070 3247 1117 3313 dii
1141 3272 1225 3337 quos

108 3348 239 3428 colitis,
259 3346 316 3437 qui
331 3371 439 3436 neque
455 3349 519 3412 sibi
539 3373 647 3438 neque
665 3347 738 3414 aliis
754 3360 914 3438 poterunt
928 3347 1116 3414 subvenire.
1139 3352 1226 3416 Sunt

108 3451 198 3516 enim
214 3462 270 3515 aut
286 3475 327 3515 ex
343 3449 453 3538 lapide
472 3461 527 3516 aut
544 3474 584 3514 ex
593 3450 686 3541 ligno
700 3463 755 3515 aut
767 3475 808 3515 ex
822 3450 954 3516 metallo
965 3449 1077 3539 aliquo
1088 3453 1221 3542 sculpti.

108 3553 251 3622 Nomina
265 3577 343 3618 vero
361 3577 445 3642 quae
464 3552 511 3617 eis
537 3552 708 3619 indidistis
728 3551 881 3618 homines
899 3553 990 3618 fuere
1010 3579 1077 3619 non
1100 3555 1165 3636 dii,
1190 3570 1227 3622 ut

70 3683 95 3721 so
111 3661 294 3736 Saturnus,
314 3654 390 3744 quia
416 3653 502 3736 filio,
533 3679 613 3720 nea
641 3679 746 3745 regno
770 3655 1008 3744 depelleretur,
1029 3681 1091 3744 per
1113 3658 1222 3749 fugam

108 3761 242 3849 elapsus
258 3757 435 3837 adseritur,
454 3771 490 3824 ut
509 3757 581 3847 ipse
600 3757 685 3823 Iovis
705 3756 853 3824 omniurn
872 3771 1063 3848 stuprorum
1081 3760 1223 3848 spurcis·

110 3861 211 3928 simus
233 3873 456 3950 perpetrator,
475 3861 657 3927 incestator
673 3859 832 3941 virorum,
849 3861 1113 3952 propinquarum
1134 3862 1223 3929 deri-

110 3991 176 4046 sor,
203 3963 261 4054 qui
286 3988 348 4029 nec
371 3965 412 4029 ab
443 3963 548 4054 ipsius
578 3963 702 4029 sororis
730 3963 886 4054 propriae
913 3965 1025 4054 potuit
1047 3967 1223 4032 abstenere

109 4065 306 4146 concubitu,
324 4078 360 4131 ut
377 4066 450 4156 ipsa
474 4066 545 4131 ait:
576 4067 726 4156 Iovisque
751 4081 781 4130 et
800 4091 895 4132 soror
918 4081 948 4132 et
975 4074 1106 4132 coniux.
1134 4068 1222 4152 Quid

71 4193 95 4231 aa
109 4172 198 4235 Mars
225 4165 490 4258 Mercuriusllque
528 4169 688 4257 potuere?
719 4167 784 4252 Qui
816 4167 927 4259 potius
966 4180 1044 4235 sunt
1085 4169 1288 4261 magiciscol.
1302 4192 1341 4244 81.

109 4271 235 4338 artibus
255 4270 414 4361 praediti,
441 4295 539 4361 quam
567 4270 670 4337 divini
696 4270 841 4337 nominis
869 4271 1053 4361 potentiam
1084 4272 1219 4337 habere.

140 4441 162 4488 l.
182 4441 253 4488 Corr.
266 4440 418 4490 concubina.
