3226 5156
384 369 550 420 HISTORIAE
567 369 769 420 FRANCORUII
787 362 884 421 LIBER
901 371 946 420 111.
1197 372 1227 419 93·

100 485 295 566 distribuit,
309 501 351 553 rut
365 501 539 576 putaretur
556 513 595 554 eo
609 502 760 578 tempore
777 515 844 555 non
860 489 993 581 regina,
1011 489 1070 554 sed
1087 487 1224 578 propria

100 587 170 653 Dei
183 587 304 654 ancilla
324 591 397 679 ipse
416 591 534 656 sedulo
557 591 743 672 deservire,
758 591 771 684 [Ι
782 617 879 682 quam
898 615 965 656 non
979 615 1120 682 regnum
1139 591 1225 656 lilio-
1239 611 1291 660 col.
1307 613 1360 660 126.

100 715 196 770 rum,
214 715 282 756 non
296 691 432 757 ambitio
445 693 568 758 saeculi
585 717 647 759 nec
659 693 798 760 facultas
817 693 935 760 extulit
948 694 989 759 ad
1003 693 1150 773 ruinam,
1165 694 1226 758 sed

99 791 274 858 humilitas
290 793 398 859 evexit
411 795 451 860 ad
468 797 623 886 gratiam.

73 999 85 1036 5
149 976 283 1044 XVIIII.
304 979 383 1042 Erat
397 976 487 1043 enim
506 989 586 1042 tunc
607 988 640 1042 et
663 978 781 1042 beatus
801 977 985 1068 Gregorius
1003 979 1091 1066 apud
1109 979 1225 1043 orbem

99 1076 323 1168 Lingonicanr
344 1104 484 1171 magnus
506 1079 568 1146 Dei
588 1080 762 1161 sacerdos,
783 1077 888 1169 signis
906 1093 940 1145 et
959 1078 1139 1145 virtutibus
1157 1080 1224 1145 ola-

101 1205 173 1246 rus.
201 1182 268 1247 Sed
289 1181 366 1271 quia
395 1181 495 1248 huius
522 1181 692 1271 pontificis
717 1181 945 1264 meminimus,
981 1195 1112 1274 gratum
1139 1182 1227 1247 arbi-

99 1295 210 1349 tratus
243 1308 315 1349 snm
349 1284 449 1350 situm
477 1284 541 1349 loci
569 1283 795 1367 Divionensis,
830 1284 864 1350 in
893 1309 960 1375 quo
988 1287 1128 1350 maxime
1159 1297 1230 1350 erat

100 1385 278 1466 assiduus,
300 1385 379 1452 huic
398 1387 544 1452 inseram
563 1387 713 1452 lectioni.
735 1391 793 1453 Est
813 1399 923 1452 autem
942 1399 1087 1453 castrum
1105 1386 1227 1451 firmis-

62 1513 85 1550 ιο
101 1487 199 1552 simis
216 1487 319 1553 muris
336 1488 371 1553 in
395 1488 505 1554 media
521 1488 680 1578 planitiae
694 1503 728 1555 et
743 1489 822 1555 satis
837 1491 981 1555 iocunda
999 1491 1224 1578 conpositum,

99 1603 210 1655 terras
231 1590 329 1674 valde
352 1592 478 1657 fertiles
514 1604 613 1681 atque
649 1592 821 1673 fecundas,
853 1595 898 1657 ita
927 1606 980 1675 ut,
1012 1594 1097 1658 arvis
1126 1592 1228 1659 semel

99 1691 219 1757 scissis
243 1717 396 1772 vomere,
425 1695 552 1758 semida
571 1679 742 1760 iaceantur
761 1706 794 1759 et
813 1717 932 1785 magna
956 1695 1124 1760 fructuum
1142 1719 1226 1784 opo-

97 1796 208 1882 lentia
220 1797 454 1886 subsequatur.
473 1797 500 1862 A
515 1797 655 1866 meridie
671 1799 774 1864 habet
788 1800 911 1863 Osoara
931 1797 1065 1863 fluvium
1078 1797 1228 1887 piscibus

97 1897 199 1967 valde
220 1899 458 1988 praedivitem,
489 1902 530 1966 ab
557 1901 713 1992 aquilone
739 1925 817 1966 vero
840 1900 924 1966 alins
945 1899 1097 1967 fluviolus
1117 1901 1225 1983 venit,

61 2025 84 2064 15
99 1999 162 2092 qui
185 2025 247 2090 per
270 2013 401 2090 portam
425 2001 620 2093 ingrediens
641 2027 679 2068 ac
704 2003 766 2068 sub
789 2015 926 2092 pontem
951 2003 1146 2085 decurrens,
1168 2027 1228 2093 per

101 2104 204 2168 aliam
228 2125 359 2170 rursum
386 2115 517 2192 portam
544 2107 727 2197 egreditur,
758 2117 864 2176 totum
894 2105 1088 2172 monitionis
1115 2106 1226 2172 locum

100 2205 340 2296 placidaunda
359 2205 611 2299 circumfluens,
632 2221 708 2274 ante
721 2221 852 2299 portam
862 2222 971 2274 autem
989 2209 1131 2275 molinas
1143 2209 1227 2274 mira

99 2308 281 2374 velocitate
301 2309 447 2376 divertit.
471 2315 636 2395 Quattuor
645 2324 761 2400 portae
773 2333 793 2375 'a
810 2324 967 2401 quattuor
984 2311 1093 2403 plagis
1113 2313 1230 2378 mundi

102 2425 186 2476 sunt
211 2411 357 2500 positae,
384 2425 557 2502 totumque
584 2413 772 2479 aedificium
792 2439 896 2478 xxxin
915 2427 1023 2479 turres
1053 2428 1226 2498 exornant,

57 2538 220 2579 aomnrus
248 2539 326 2580 vero
356 2514 445 2580 illius
476 2516 518 2580 de
540 2516 676 2606 quadris
704 2515 872 2605 lapidibus
900 2539 1005 2606 usque
1039 2515 1073 2581 in
1107 2515 1229 2608 viginti

100 2617 211 2706 pedes
228 2617 373 2707 desuper
390 2642 408 2681 a
423 2617 551 2683 minuto
569 2617 680 2707 lapide
694 2617 904 2685 aedificatum
922 2619 1076 2701 habetur,
1098 2619 1227 2685 habens

100 2720 140 2784 in
163 2720 266 2786 altum
292 2720 396 2808 pedes
428 2720 566 2801 xxx,'in
591 2720 693 2784 latum
720 2721 824 2810 pedes
859 2745 909 2786 xv.
936 2720 1001 2805 Qui
1029 2745 1088 2786 cur
1112 2721 1228 2787 civitas

101 2823 196 2888 dicta
213 2846 282 2887 non
307 2822 368 2902 sit,
394 2821 525 2913 ignoro.
549 2824 657 2888 Habet
676 2824 765 2888 enim
786 2822 822 2888 in
847 2822 988 2888 circuitu
1004 2821 1018 2915 ll
1039 2825 1226 2912 praetiosos
1242 2841 1296 2890 Fol.
1310 2842 1349 2890 40.

103 2926 232 3006 fontes3
273 2948 290 2988 a
318 2936 412 3013 parte
442 2937 551 2990 autem
588 2924 763 2990 occidente
794 2937 926 2990 montes
956 2936 1034 2989 sunt
1068 2925 1228 2990 uberrimi

57 3053 86 3093 2¹5
102 3027 280 3115 vineisque
292 3026 429 3115 repleti,
448 3027 504 3116 qui
518 3040 584 3092 tam
598 3026 711 3092 nobile
724 3027 845 3092 incolis
860 3027 1023 3093 falernum
1035 3027 1226 3119 porrigunt,

103 3143 143 3196 ut
164 3141 323 3218 respuant
346 3127 569 3194 Cabillonum.
591 3132 675 3198 Nam
700 3143 829 3195 veteres
855 3131 967 3195 ferunt
985 3131 1026 3194 ab
1055 3129 1262 3195 Auriliano''

103 3235 172 3297 hoo
184 3230 420 3320 imperatorem
439 3231 541 3298 fuisse
558 3231 779 3298 aedificatum.

151 3415 224 3482 XX.
252 3414 480 3482 Theudoricus
515 3427 623 3480 autern
652 3414 721 3480 filio
742 3413 756 3506 Η
778 3437 838 3479 suo
865 3416 1101 3481 Theodoberto
1130 3413 1297 3484 Wisi-Col.
1313 3427 1366 3474 127.

104 3519 263 3609 gardem,
281 3517 452 3584 cuiusdam
468 3519 557 3608 regis
576 3517 695 3598 filiam,
713 3517 977 3606 disponsaverat.

60 3728 89 3766 :io
153 3701 240 3765 XXI.
265 3699 367 3765 Gothi
383 3723 460 3763 vero
477 3721 550 3763 curn
570 3711 647 3786 post
664 3698 891 3764 Chlodovechi
908 3711 1048 3764 mortem
1066 3698 1169 3763 multa
1188 3698 1230 3764 de

105 3801 142 3869 id
164 3825 248 3891 quae
267 3801 324 3867 ille
342 3800 548 3891 adquisierat
563 3800 806 3890 pervasissent,
828 3801 1059 3868 Theodericus
1077 3801 1229 3866 Theodo-

106 3909 253 3988 bertum,
275 3904 553 3971 Chlothacharius
574 3927 653 3970 vero
675 3903 915 3986 Guntharium,
938 3903 1104 3970 seniorem
1124 3902 1229 3968 filium

106 4034 221 4089 suum,
245 4007 383 4075 adhaec
399 4007 601 4099 requirenda
616 4006 858 4074 transmittunt.
876 4007 944 4074 Sed
956 4004 1229 4074 Gunthecharius

105 4137 214 4203 usqne
231 4111 373 4179 Rotinus
388 4112 564 4190 accedens,
576 4110 691 4175 nescio
707 4135 771 4200 qua
786 4109 928 4176 faciente
942 4132 1041 4176 causa
1056 4131 1229 4200 regressus

59 4243 89 4284 as
106 4228 178 4297 est,
208 4216 463 4282 Theodobertus
491 4237 569 4279 vero
595 4237 701 4303 usque
733 4214 774 4279 ad
808 4212 1027 4278 Bitturensim
1058 4212 1226 4278 civitatem
