3256 5144
385 393 429 440 192
671 391 829 440 GREGORll
847 391 1056 439 TURONENSIS
1074 391 1224 438 EPlSCOPl

384 507 446 560 cha,
466 505 536 554 venit
550 504 692 552 Leudastes
705 504 731 551 iii
745 505 809 552 urbe
827 504 967 560 Turonica,
985 503 1191 568 adsimilunsque
1209 504 1282 550 aliud
1300 504 1397 566 negotii
1416 520 1508 566 agere,

384 568 556 631 adprehensis
567 568 701 614 Platonem
711 567 922 614 archidiaconem
933 573 959 614 et
971 567 1109 614 Galienum
1119 567 1146 614 iii
1160 567 1248 614 vincla
1260 565 1384 622 conectit,
1402 571 1511 613 catena-

384 637 476 693 tosque
487 646 516 676 ac
525 636 615 676 exutos
628 635 699 676 veste
709 628 782 676 iubet
794 645 838 676 eos
851 628 884 674 ad
899 629 1018 690 reginam
1034 628 1136 675 deduci.
1155 629 1223 675 llaec
1236 644 1285 690 ego
1305 627 1427 682 audiens,
1445 628 1509 675 dum

329 693 331 700 ’
385 691 412 740 in
440 693 516 738 domo
545 691 669 738 ecclesiae
692 690 852 746 resederem,
876 697 975 736 mestus
995 690 1169 753 turbatusque
1192 690 1329 753 ingressus
1354 690 1507 747 oratorium,

386 754 496 802 Davitici
513 752 637 800 carminis
656 769 730 799 sumo
747 752 860 808 librum,
881 759 910 799 ut
926 751 1030 800 scilieet
1051 768 1067 798 a
1087 757 1158 799 crtus
1183 752 1297 815 aliquem
1320 752 1509 799 consolationis
1525 757 1538 794 5

385 815 545 865 versiculum
556 814 640 862 daret.
653 815 682 861 ln
698 814 798 877 quoita
814 820 949 877 repertum
962 821 1015 861 est:
1037 817 1060 860 E
1080 815 1135 862 uait
1148 831 1190 861 eos
1207 813 1295 887 inape,
1309 819 1333 860 et
1347 831 1398 860 nore
1415 813 1508 861 timue-

385 883 460 932 runt;
485 884 508 926 et
532 875 646 924 inimicos
667 892 753 922 eorum
772 875 870 938 operuit
888 877 987 923 mare1.
1009 877 1110 923 Interea
1128 876 1242 938 ingressi
1256 893 1283 924 in
1300 876 1410 924 fluvium
1429 893 1510 939 super

405 946 500 994 cutem,
515 938 560 1002 qui
570 938 673 986 duabus
684 937 807 984 lintribus
818 938 964 995 tenebatur,
977 938 1053 985 iiavis
1066 938 1126 992 illa,
1142 954 1208 1000 quae
1220 938 1377 986 Leudastem
1386 938 1507 995 vehebat,

385 957 554 1064 dimergitur:
569 1007 595 1048 et
603 999 654 1046 nisi
667 999 774 1046 natandi
789 1001 880 1047 luisset
893 999 1061 1047 amminiculo
1075 999 1217 1054 liberatus,
1233 1017 1293 1047 curii
1306 1000 1383 1046 sociis
1398 1001 1509 1047 forsitan

386 1065 526 1112 interisset.
540 1062 620 1110 Navis
639 1077 701 1109 vero
717 1062 769 1108 alia
781 1078 847 1124 quae
861 1062 922 1108 huic
940 1061 1035 1108 innexa
1051 1068 1119 1117 erat,
1140 1078 1206 1124 qaae
1218 1068 1245 1110 et
1262 1062 1364 1110 vinctos
1380 1062 1508 1119 vehebat,
1527 1071 1554 1108 10

341 1143 344 1152 ¹
387 1143 467 1190 super
476 1141 557 1189 aquas
569 1125 614 1171 Dei
627 1123 723 1171 auxilio
736 1123 861 1171 elevatur.
873 1123 958 1186 igitur
972 1123 1077 1171 deducti
1087 1123 1120 1171 ad
1131 1139 1220 1187 regem
1234 1125 1279 1188 qui
1291 1124 1371 1172 vincti
1389 1126 1507 1178 fuerant,

386 1188 541 1237 incusantur
554 1187 689 1245 instanter,
718 1191 747 1232 ut
762 1185 875 1248 ,capitali
897 1185 1025 1233 sententia
1041 1185 1188 1233 linirentur.
1209 1186 1259 1233 Sed
1284 1202 1329 1232 rex
1349 1186 1508 1248 recogitans,

387 1251 523 1298 absolutos
544 1265 559 1297 a
579 1248 683 1296 viuculo
701 1247 786 1296 libera
807 1247 926 1294 custodia
946 1254 1064 1294 reservat
1084 1247 1206 1294 inlaesos.
1231 1248 1269 1294 Ad
1291 1247 1423 1295 civitatem
1445 1264 1510 1296 vero

388 1313 545 1360 Turonicam
560 1311 681 1358 Berulius
694 1310 747 1356 dux
766 1326 825 1356 cum
842 1309 968 1356 Eunomio
986 1309 1080 1356 comite
1102 1310 1220 1356 tabulam
1240 1309 1329 1372 fingit,
1353 1310 1422 1372 quod
1440 1310 1511 1358 Gun-

386 1376 525 1422 thramnus
541 1389 587 1420 rex
601 1387 695 1434 capere
709 1372 788 1418 vellet
805 1371 917 1418 Turonis
932 1370 1077 1428 civitatem,
1100 1377 1126 1419 et
1146 1371 1253 1428 iccirco,
1268 1387 1299 1418 ne
1319 1372 1408 1434 aliqua
1422 1372 1510 1434 negli-
1528 1385 1556 1422 15

254 1437 374 1485 Coissa
386 1437 476 1546 qentia
496 1433 637 1490 accederet,
651 1436 661 1493 ΙΙ
672 1439 806 1507 oportere,
819 1433 867 1489 ait,
880 1433 972 1480 urbem
986 1433 1106 1480 custodia
1122 1433 1282 1496 consignari.
1302 1433 1405 1482 Ponunt
1424 1434 1510 1494 portis

405 1499 477 1545 olose
493 1496 627 1552 custodes,
653 1511 697 1559 qui
718 1495 851 1542 civitatem
865 1495 933 1542 tueri
956 1493 1145 1552 adsimilantes,
1165 1511 1205 1542 me
1229 1495 1268 1542 uti
1289 1511 1320 1544 ue
1337 1496 1510 1544 custodirent.

387 1561 493 1608 Mittunt
506 1558 584 1605 etiam
603 1557 648 1620 qui
668 1556 732 1604 inihi
751 1557 891 1604 consilium
905 1556 1098 1611 ministrarent,
1116 1562 1146 1603 ut
1164 1557 1197 1604 ad
1211 1512 1355 1612 occultum,
1378 1557 1511 1606 adsumtis

388 1621 539 1670 melioribus
552 1620 630 1667 rebus
644 1618 780 1672 ecclesiae,
792 1621 908 1666 Arverno
922 1621 984 1681 luga
997 1618 1156 1675 secederem
1167 1619 1211 1665 sed
1222 1635 1274 1666 nou
1283 1620 1411 1683 acquievi.
1424 1619 1513 1682 igitur

388 1700 440 1740 rex,
454 1682 588 1730 accersitis
601 1681 674 1744 regni
689 1681 728 1728 sui
741 1680 887 1744 episcopis,
906 1697 1013 1728 causam
1025 1679 1166 1743 diligenter
1176 1681 1254 1728 iussit
1265 1682 1374 1745 exquiri.
1393 1682 1512 1745 Cumque
1525 1695 1556 1732 20

387 1747 505 1796 lliculfus
518 1743 628 1792 clericus
643 1743 747 1806 saepius
759 1743 934 1791 discuteretur
950 1743 1049 1790 occulte
1063 1749 1088 1789 et
1099 1750 1191 1789 contra
1207 1758 1247 1790 nie
1259 1743 1302 1790 vel
1322 1760 1394 1791 meos
1412 1745 1511 1792 multas

389 1808 507 1860 fallacias
527 1805 722 1868 promulgaret,
743 1803 876 1852 Modestus
897 1805 1005 1868 quidam
1022 1805 1095 1851 faber
1114 1804 1243 1867 lignarius
1260 1805 1298 1852 ait
1319 1807 1351 1854 ad
1368 1823 1427 1854 cuni
1443 1822 1448 1855 :
1462 1807 1511 1855 cO

387 1868 543 1932 inleli1,qui
557 1873 647 1916 contra
659 1867 812 1929 episcopum
825 1872 898 1914 tuum
910 1873 965 1914 tam
977 1865 1166 1914 contumaciter
1185 1866 1237 1914 ista
1253 1867 1402 1915 meditaris!
1420 1868 1511 1918 Satius

387 1932 436 1979 tibi
447 1937 503 1978 erat
518 1929 608 1983 silere,
625 1934 662 1982 et,
679 1929 761 1990 petita
777 1928 853 1976 venia
870 1928 996 1992 episcopi,
1015 1928 1128 1992 gratiam
1140 1929 1291 1991 inpetraris.
1312 1945 1324 1976 ιι
1337 1931 1375 1977 Ad
1388 1931 1453 1977 hacc
1466 1932 1512 1979 ille

388 1994 502 2041 clamare
515 1991 601 2053 eoepit
613 2006 675 2038 rooe
686 2006 782 2052 magna
794 1991 940 2039 aedicere:
960 2007 972 2037 c
986 1992 1023 2037 En
1037 1991 1102 2054 ipse,
1116 1990 1161 2054 qui
1178 1991 1242 2038 milii
1256 1991 1389 2039 silentium
1403 1993 1510 2052 indicit,
1524 1995 1556 2034 25

388 2070 419 2102 ne
432 2069 577 2118 prosequar
589 2052 741 2099 veritatem!
754 2052 792 2098 En
806 2051 911 2114 reginae
923 2051 1070 2110 inimicum,
1082 2053 1126 2116 qui
1138 2069 1246 2100 causam
1260 2053 1377 2102 criminis
1390 2055 1446 2105 eius
1458 2072 1512 2104 non

389 2117 456 2164 siuet
468 2114 578 2178 inquirit
592 2130 604 2160 ιι
618 2113 777 2161 Nuntiantur
793 2114 913 2178 protinus
927 2111 991 2162 haec
1004 2115 1118 2177 reginae.
1137 2115 1347 2187 Adprehenditur
1363 2117 1510 2176 Modestus,

388 2183 533 2241 torquetur,
547 2175 705 2239 flagellatur,
720 2175 778 2222 etin
791 2176 896 2223 vincula
908 2183 1069 2239 compactus,
1083 2177 1217 2224 custodiae
1232 2177 1381 2240 deputatur.
1394 2180 1512 2244 Cumque

388 2239 456 2287 iuter
468 2239 534 2286 duos
545 2236 666 2284 custodes
678 2237 776 2286 catenis
787 2244 812 2284 et
823 2237 902 2310 cippo
910 2244 1042 2286 teneretur
1051 2239 1163 2294 rinctus,
1178 2239 1263 2286 media
1275 2247 1362 2298 nocte,
1377 2241 1512 2291 dormien-

388 2301 460 2351 tibus
474 2299 636 2356 custodibus,
648 2300 792 2347 orationem
807 2299 873 2346 ludit
886 2299 918 2346 ed
928 2299 1078 2356 Dominum,
1092 2307 1121 2348 ut
1133 2301 1288 2374 dignaretur
1299 2301 1355 2349 eius
1366 2305 1512 2366 potentiam
1528 2313 1557 2350 30

389 2365 515 2412 miserum
527 2362 643 2418 visitare,
658 2367 683 2408 et
711 2361 737 2408 ui
754 2361 878 2411 innocens
889 2361 1029 2424 colligatus
1042 2364 1139 2419 luerat,
1150 2363 1300 2410 visitatione
1316 2364 1421 2412 Martini
1433 2383 1511 2430 prae-

390 2426 455 2474 sulis
467 2441 496 2472 ac
508 2423 624 2472 Medardi
635 2378 825 2471 absolveretur.
837 2423 902 2480 Mox,
917 2423 1044 2488 disruptis
1056 2425 1174 2479 vinculis,
1189 2425 1322 2474 contracto
1331 2426 1424 2490 cippo,
1440 2445 1512 2476 rese-

389 2494 446 2539 rato
457 2487 537 2543 ostio,
556 2486 639 2533 sancti
650 2484 767 2532 Medardi
779 2485 929 2542 basilicam,
943 2492 1018 2532 nocte
1028 2486 1104 2533 nobis
1114 2486 1301 2560 vigilantibus,
1315 2489 1424 2537 introiit.

420 2549 578 2622 Congregati
590 2547 672 2609 igitur
681 2547 752 2609 apud
764 2546 923 2596 Brinnacum
936 2547 1028 2594 villam
1040 2548 1172 2611 episcopi,
1192 2549 1218 2597 in
1234 2566 1314 2598 uriam
1326 2549 1433 2598 domum
1444 2553 1511 2600 resi·

389 2612 450 2659 dere
466 2611 532 2657 iussi
546 2615 615 2656 sunt.
629 2608 726 2656 Dehinc
739 2609 892 2656 adveniente
910 2625 984 2672 rege,
1000 2610 1061 2657 data
1074 2611 1195 2658 omnibus
1214 2611 1370 2660 salutatione
1383 2629 1413 2660 ac
1431 2615 1512 2663 beric-
1528 2630 1557 2666 :a'i

389 2672 501 2720 dictione
514 2668 633 2734 accepta,
652 2669 757 2718 resedit.
770 2671 842 2718 Tunc
857 2671 1045 2718 Berthramnus
1060 2672 1265 2735 Burdegaleusis
1281 2675 1396 2724 civitatis
1407 2677 1512 2739 episco-

389 2751 447 2809 pus,
462 2734 503 2780 cui
515 2734 564 2780 hoc
579 2748 638 2778 cuin
655 2732 746 2794 regina
761 2733 859 2780 crimen
878 2732 1023 2795 impactum
1040 2735 1137 2791 luerat,
1157 2751 1265 2782 eausam
1277 2737 1403 2800 proponit
1418 2755 1512 2802 meque

388 2795 552 2858 interpellat,
566 2793 670 2850 dicens,
689 2810 704 2840 a
721 2810 761 2840 me
781 2793 832 2840 sihi
853 2811 883 2842 ae
900 2794 1006 2857 reginae
1025 2795 1123 2843 crimen
1144 2797 1283 2844 obiectum.
1303 2798 1401 2872 Negavi
1420 2815 1469 2863 ogo
1485 2801 1513 2849 iii

389 2859 498 2905 veritate
509 2858 573 2904 haee
583 2857 708 2910 locutum,
720 2861 745 2902 et
756 2855 861 2903 audisse
872 2856 976 2919 quidem
984 2857 1049 2904 haec
1058 2858 1138 2914 alios,
1150 2875 1190 2906 mc
1201 2875 1252 2906 non
1265 2868 1436 2924 excogitasse.
1446 2863 1514 2912 Noui

390 2921 453 2968 loris
470 2919 576 2966 domum
594 2933 683 2964 rumor
706 2917 731 2964 iii
749 2917 847 2981 populo
862 2934 974 2981 magnus
991 2925 1059 2974 erat,
1075 2920 1217 2968 dicentium
1231 2937 1235 2969 :
1257 2937 1268 2968 a
1285 2921 1337 2969 Cur
1352 2923 1416 2972 haee
1432 2941 1514 2988 super
1528 2937 1557 2975 tii

255 2977 309 3024 Col·
324 2979 379 3025 265·
390 2980 552 3029 sacerdotem
575 2979 620 3026 Dei
642 2979 808 3026 obiciuntur?
831 2979 882 3027 Cur
903 2980 967 3028 talia
986 2997 1031 3028 rex
1041 2984 1052 3040 ΙΙ
1062 2983 1249 3090 prosequitur?
1270 2985 1402 3048 Numquid
1426 2987 1514 3049 potuit

390 3043 529 3107 episcopus
539 3042 604 3089 talia
616 3040 701 3089 dicere
710 3041 752 3088 vel
762 3040 793 3087 de
805 3057 879 3089 servo
888 3045 897 3089 l
906 3042 974 3098 Heu,
989 3043 1047 3100 heu,
1080 3061 1165 3092 omine
1178 3046 1259 3102 Deus,
1274 3046 1371 3110 largire
1384 3049 1512 3096 auxilium

390 3121 465 3153 servo
482 3106 566 3153 tuot»
587 3104 640 3150 Rex
659 3109 746 3150 autem
762 3102 888 3151 dicebat:
912 3120 923 3150 (i
950 3104 1054 3152 Crimen
1078 3107 1166 3154 uxoris
1188 3123 1260 3154 meae
1288 3125 1375 3156 meum
1399 3110 1514 3160 habetur

389 3167 570 3275 opprobrium.
585 3166 611 3212 Si
624 3181 687 3229 ergo
704 3164 823 3221 censitis,
837 3171 866 3212 ut
883 3182 963 3228 super
978 3166 1131 3230 episcopum
1147 3174 1227 3216 testes
1246 3169 1430 3228 adhibeantur,
1453 3189 1513 3221 ecco
1624 3217 1625 3236 ,

390 3246 406 3278 a
425 3231 499 3277 suntl
514 3228 601 3283 Certe,
619 3226 641 3274 si
656 3225 767 3284 videtur,
784 3233 813 3274 ut
831 3227 895 3275 haec
912 3243 963 3275 non
980 3229 1057 3286 fiant,
1072 3235 1096 3276 et
1117 3230 1143 3276 in
1163 3230 1241 3278 fidem
1258 3232 1375 3296 episcopi
1389 3236 1513 3283 commit·
1527 3251 1555 3290 45
1624 3239 1625 3245 ’

390 3297 488 3347 tantur,
502 3290 595 3345 dicite;
611 3288 723 3336 libenter
740 3289 845 3336 audiam
858 3306 923 3352 quae
936 3289 1041 3338 iubetis.
1056 3308 1067 3337 ιι
1084 3291 1171 3340 Mirati
1184 3301 1245 3340 sunt
1256 3309 1346 3346 omnes
1360 3295 1431 3358 regis
1446 3313 1513 3360 pru-

389 3353 504 3399 dentiam
515 3346 556 3399 vel
570 3351 724 3414 patientiam
734 3350 821 3398 simul.
834 3351 905 3398 Tunc
915 3351 1015 3399 cunctis
1026 3353 1172 3402 dicentibus
1186 3371 1191 3402 :
1207 3372 1219 3402 c
1232 3356 1288 3404 b'on
1320 3363 1388 3405 otest
1399 3373 1515 3420 persona

390 3414 498 3460 interior
509 3429 588 3476 super
599 3413 761 3460 sacerdotem
774 3413 858 3469 credi,
871 3430 883 3459 ιι
898 3413 994 3461 restitit
1004 3413 1036 3462 ad
1055 3415 1104 3462 hoc
1116 3433 1211 3474 causa,
1232 3424 1272 3474 ut,
1292 3373 1369 3468 dictis
1382 3419 1473 3468 missis
1486 3422 1514 3469 iu

390 3474 476 3522 tribus
492 3474 634 3528 altaribus,
656 3490 696 3522 me
713 3475 744 3521 de
760 3473 802 3522 his
815 3475 903 3523 verbis
921 3491 1042 3524 exuerem
1058 3485 1230 3528 sacramento.
1247 3481 1278 3526 Et
1294 3480 1355 3528 licet
1367 3481 1514 3530 canonibus

390 3543 477 3586 essent
489 3536 629 3590 contraria,
644 3552 692 3598 pro
702 3552 782 3584 causa
793 3543 881 3585 tamen
894 3537 964 3600 regis
976 3538 1085 3602 impleta
1099 3547 1167 3588 sunt.
1181 3541 1231 3588 Sed
1242 3557 1288 3590 iiec
1298 3541 1347 3590 lioc
1361 3543 1434 3600 sileo,
1444 3545 1516 3610 quod
1526 3562 1554 3598 sn

389 3598 530 3661 lligunthis
543 3598 642 3660 regina,
657 3598 798 3646 condolens
811 3598 946 3648 doloribus
964 3601 1043 3658 meis,
1061 3601 1188 3649 ieiunium
1203 3619 1262 3650 eum
1279 3605 1349 3652 omni
1367 3606 1447 3654 domo
1465 3623 1514 3656 sua

390 3659 545 3717 celebravit,
571 3675 706 3724 quousque
725 3676 790 3723 puer
807 3662 952 3720 nuntiaret,
978 3679 1019 3709 me
1035 3663 1122 3711 omnia
1142 3665 1179 3712 sie
1195 3665 1333 3728 implesse,
1359 3661 1515 3718 ut‘tuerent

390 3721 519 3769 instituta.
539 3721 623 3784 lgitur
634 3723 748 3783 regressi
762 3722 909 3771 sacerdotes
922 3724 955 3772 ad
969 3741 1070 3788 regem,
1085 3725 1158 3773 aiunt
1172 3742 1177 3773 ι
1193 3745 1204 3774 ιι
1219 3728 1330 3791 lmpleta
1348 3737 1409 3778 sunt·
1424 3732 1515 3779 omnia

391 3783 424 3832 ab
439 3784 563 3847 episcopo
576 3799 641 3846 quae
658 3784 694 3830 im
716 3790 789 3832 erata
802 3791 871 3833 sunt.
889 3785 910 3834 Ο
925 3803 978 3843 rex,
998 3787 1061 3850 quid
1074 3803 1142 3835 nuuc
1156 3788 1189 3835 ad
1201 3795 1239 3844 tc,
1258 3791 1309 3838 nisi
1326 3798 1355 3838 ut
1371 3807 1430 3840 cum
1449 3794 1515 3842 Ber-

392 3845 513 3893 thramno
526 3851 677 3892 accusatore
691 3800 780 3893 Matris
793 3847 974 3898 communione
1013 3849 1124 3896 riveris?
1141 3867 1153 3896 ιι
1166 3851 1198 3898 Et
1215 3851 1259 3899 ille
1275 3868 1280 3900 :
1298 3869 1310 3900 a
1325 3853 1395 3911 lton,
1413 3855 1513 3919 inquit,
1526 3877 1555 3914 ,ῃ

391 3923 439 3970 ego
453 3907 505 3955 nisi
518 3906 606 3954 audita
620 3907 735 3980 narravi.
750 3924 761 3953 ιι
776 3908 967 3964 Quaerentibus
980 3865 1047 3968 iilis,
1062 3911 1121 3974 quis
1137 3909 1187 3960 hoc
1199 3913 1305 3969 dixerit,
1319 3917 1469 3979 respondit.
1487 3935 1515 3966 sc

390 3970 454 4017 haec
468 3985 483 4016 a
495 3969 623 4016 Leudastc
636 3970 749 4016 audisse.
770 3970 817 4016 Ille
835 3977 922 4019 autem
939 3973 1082 4020 secundum
1100 3973 1279 4024 infirmitatem
1294 3978 1335 4024 vel
1351 3979 1456 4026 consilii
1473 3980 1515 4027 rel

390 4031 580 4094 propositionis
594 4046 656 4077 suae
669 4031 721 4077 iam
736 4033 824 4094 lugam
838 4032 959 4082 inhierat.
978 4035 1050 4082 Tunc
1064 4035 1165 4098 placuit
1181 4038 1302 4084 omnibus
1323 4040 1513 4098 sacerdotibus,

424 4225 444 4270 i.
464 4225 507 4272 rs.
522 4211 562 4278 ⁷⁷:
575 4225 612 4270 so.
