3220 5158
357 437 386 484 50
638 431 795 484 onneonn
813 431 1020 480 TURONENSIS
1038 431 1188 481 EPlSCOPl

357 553 449 634 Quae
481 547 691 640 concipiens,
727 549 859 638 peperit
885 547 989 613 filium
1024 548 1219 638 vocavitque
1248 572 1370 613 nomen
1399 547 1470 613 eius

357 653 639 719 Chlcdovechum.
663 650 724 718 Hic
737 650 799 718 fuit
814 651 954 744 magnus
975 664 1009 716 et
1022 663 1190 742 pugnator
1209 651 1373 742 egregius.

398 837 459 901 XII
496 833 572 923 (13).
609 834 708 923 Apud
740 835 908 900 Arvernus
938 859 1016 899 vero
1049 847 1127 923 post
1158 832 1335 897 transitum
1364 833 1470 898 sancti

354 935 494 1002 Artemii
520 938 738 1004 Venerandus
767 962 808 1002 ex
839 935 1049 1002 senatoribus
1080 935 1259 1024 episcopus
1283 934 1466 1000 ordinatur.

356 1038 470 1123 Qualis
490 1051 599 1105 autem
616 1039 714 1104 fuerit
733 1039 906 1128 pontefex,
926 1049 1067 1102 testatur
1086 1037 1245 1103 Paulinus
1266 1030 1382 1102 dicens
1405 1061 1412 1101 ε
1434 1039 1497 1104 Sis

236 1151 290 1201 col.
305 1153 343 1200 67.
356 1147 439 1206 enim
450 1141 544 1206 hodie
561 1142 671 1206 uideas
691 1142 806 1230 dignos
826 1142 966 1205 Domino
987 1141 1192 1220 sacerdotes,
1226 1140 1276 1204 cel
1302 1139 1471 1232 Exsullpe-

354 1249 440 1308 rium
462 1244 613 1323 Tolosae,
633 1244 684 1308 ve!
700 1243 902 1332 Simplicium
926 1243 1083 1322 Viennae,
1110 1242 1160 1306 vel
1173 1239 1326 1306 Amando
1340 1243 1470 1308 Burde-

350 1347 446 1436 gaie‚
471 1347 522 1412 oe!
546 1347 787 1435 Diogenicnum
808 1344 963 1436 Albigae,
994 1345 1045 1412 ce!
1063 1346 1253 1409 Dinumium
1276 1346 1469 1428 Ecolisnae,

353 1449 403 1516 vel
421 1448 647 1514 Venerandum
662 1446 851 1527 Arvernae,
874 1447 923 1512 vel
933 1446 1092 1511 Alethium
1111 1446 1290 1526 Cadmeis,
1316 1448 1367 1513 cel
1384 1473 1471 1512 nunc

352 1553 528 1640 Pegasium
556 1552 766 1615 Petrocorius
793 1564 965 1640 utcumque
997 1574 1031 1614 ce
1063 1549 1185 1630 babent
1209 1550 1336 1614 saeculi
1357 1552 1510 1632 nacla,1c

353 1654 473 1719 videbis
486 1655 632 1744 profecto
643 1654 849 1742 dignissimos
860 1658 957 1717 totius
965 1651 1047 1738 fidei
1055 1651 1293 1742 relegionisque
1305 1655 1465 1722 custodes.

352 1754 465 1820 Hicin
484 1755 558 1843 ipsa
572 1754 732 1823 dominici
752 1754 870 1820 natalis
890 1752 1004 1842 vigilia
1015 1751 1177 1818 transisse
1195 1753 1347 1822 refertur.
1371 1757 1470 1822 Mane

353 1871 463 1923 autem
482 1859 581 1939 facto,
605 1856 777 1948 processio
794 1854 1028 1922 sollemnitatis
1044 1856 1170 1921 funeris
1184 1853 1254 1920 eius
1272 1857 1470 1947 obsequium

352 1960 424 2025 suit.
447 1963 528 2026 Post
558 1960 652 2028 ouius
683 1959 811 2026 obitum
842 1960 940 2025 foeda
959 1959 1048 2047 apud
1075 1957 1164 2023 cives
1189 1982 1250 2046 pro
1276 1959 1470 2051 episcopato
1600 2031 1601 2034 ,

277 2139 280 2148 ¹
351 2062 494 2129 intentio
517 2065 718 2128 vertebatur.
744 2065 892 2151 Cumque
918 2073 1030 2150 partes
1054 2059 1144 2126 inter
1164 2085 1199 2124 se
1225 2061 1350 2128 divisae
1369 2064 1468 2130 alium
1485 2092 1510 2130 15
1600 2133 1601 2138 ,

352 2165 518 2254 aliumque
544 2167 704 2255 egredere
732 2166 876 2244 vellent,
907 2187 1027 2254 magna
1057 2162 1199 2229 conlisio
1226 2176 1296 2228 erat
1320 2168 1465 2256 populis.

352 2267 598 2334 Resedentibus
620 2281 732 2335 tamen
750 2266 917 2358 episcopis
938 2265 994 2331 die
1012 2265 1206 2347 domineco,
1229 2267 1348 2334 mulier
1367 2294 1468 2359 quae-

351 2373 427 2437 dam
443 2372 550 2437 velata
576 2385 676 2461 atque
695 2373 813 2438 devota
834 2375 909 2436 Deo
935 2369 1097 2434 audenter
1116 2369 1157 2434 ad
1185 2392 1242 2434 eos
1266 2369 1466 2461 ingreditur,

351 2473 408 2562 qui
429 2473 475 2538 ait
500 2499 506 2538 :
533 2499 550 2537 u
574 2473 697 2540 Audite
718 2499 781 2557 me,
806 2474 997 2539 sacerdotes
1025 2471 1176 2536 Domini!
1206 2471 1334 2538 Scitote
1361 2475 1466 2556 enim,

351 2576 441 2665 quod
454 2601 522 2640 non
540 2576 574 2640 in
590 2576 643 2641 his
660 2578 746 2642 bene
763 2575 922 2665 placitum
944 2587 996 2640 est
1009 2577 1100 2655 Deo,
1123 2597 1207 2663 quos
1233 2573 1281 2641 hii
1301 2577 1343 2641 ad
1361 2601 1467 2644 sacer·
1482 2606 1510 2645 ao

351 2677 478 2744 dotium
496 2679 681 2769 elegerunt.
706 2680 792 2744 Ecce
809 2677 898 2742 enim
917 2676 1079 2744 Dominus
1095 2677 1197 2743 hodie
1218 2676 1290 2766 ipse
1312 2677 1379 2744 sibi
1393 2706 1467 2771 pro-

349 2779 479 2846 videbit
496 2781 715 2848 anstestitem.
741 2784 855 2871 ltaque
877 2780 981 2846 nolite
1001 2782 1203 2848 conturbare
1227 2806 1337 2870 neque
1360 2785 1467 2850 conli-

350 2883 430 2949 dere
458 2885 638 2974 populum,
666 2884 726 2950 sed
754 2885 920 2973 patientes
938 2895 1045 2949 estote
1070 2884 1268 2974 parumper!
1302 2887 1466 2954 Dominus

351 2986 439 3052 enim
457 3012 546 3052 uunc
560 2986 703 3078 diriget,
725 2987 782 3076 qui
800 2997 895 3076 regat
919 2985 1073 3052 eclesiam
1098 2988 1196 3051 hanc.
1224 3013 1241 3048 »
1269 2986 1328 3052 His
1353 2988 1465 3079 itaque

350 3088 547 3155 mirantibus
561 3092 645 3156 haec
664 3091 782 3168 verba,
802 3088 913 3155 subito
929 3089 1085 3156 Rusticus
1096 3089 1249 3173 nomine,
1268 3089 1410 3180 quierat
1427 3117 1466 3158 ex
1478 3119 1507 3159 25

349 3191 422 3280 ipsa
440 3192 532 3258 urbis
557 3191 723 3258 Arvernae
742 3190 869 3257 diccise
891 3193 1072 3281 presbiter,
1100 3192 1244 3258 advenit.
1278 3195 1352 3282 lpse
1376 3194 1465 3260 enim

349 3293 413 3359 iam
433 3295 571 3360 muliere
584 3319 644 3384 per
662 3293 825 3360 visionem
849 3294 956 3358 fuerat
974 3295 1152 3360 indicatus.
1177 3299 1251 3380 Quo
1270 3297 1361 3376 visu,
1389 3299 1437 3362 ait
1456 3324 1463 3362 :

352 3423 369 3459 u
395 3399 445 3461 En
462 3395 571 3485 ipsum
586 3421 684 3486 quem
699 3396 802 3488 elegit
817 3396 999 3464 Dominus!
1019 3400 1105 3462 Eece
1124 3398 1255 3487 qualem
1269 3399 1364 3464 vobis
1383 3425 1464 3490 pon·

349 3499 489 3564 tefecem
525 3499 713 3566 distinavit!
741 3502 802 3565 Hic
837 3500 1011 3566 ordinetur
1028 3500 1230 3591 episcopus!
1260 3528 1277 3564 r>
1313 3506 1401 3568 Haec
1428 3528 1465 3568 ea

349 3602 524 3692 loquente,
552 3626 668 3667 omnes
693 3603 855 3692 populos,
885 3616 1006 3668 cuneta
1034 3604 1223 3669 intentione
1257 3603 1462 3694 postposita,
1478 3633 1505 3670 ao

351 3704 519 3783 clamavit,
541 3706 680 3795 dignum
696 3729 733 3770 ac
751 3705 874 3772 iustum
892 3731 977 3772 esse.
1002 3707 1066 3789 Qui
1084 3708 1118 3771 in
1136 3708 1295 3773 cathedra
1313 3710 1462 3796 positus,

231 3821 284 3872 Col.
299 3823 337 3872 es.
350 3805 510 3895 septimus
548 3806 582 3871 in
616 3809 733 3874 ecdem
779 3809 854 3877 loco
890 3808 1126 3898 pontifeoalltus
1159 3811 1303 3891 honore,
1339 3812 1464 3902 populo

348 3911 535 4000 gaudente,
554 3911 714 4001 suscepit.

379 4091 417 4138 14,
439 4090 515 4154 Apud
531 4091 624 4139 urbem
637 4107 698 4140 vero
714 4091 882 4152 Turonicam,
905 4093 1025 4141 defuncto
1048 4093 1188 4142 Eustochio
1209 4094 1331 4158 episcopo
1353 4095 1463 4158 septimo

348 4153 447 4202 decimo
461 4153 597 4202 sacerdotii
612 4154 652 4201 sui
665 4169 745 4212 anno,
777 4154 865 4202 uintus
879 4162 939 4218 post
952 4157 1058 4204 beatum
1073 4155 1215 4205 Martinum
1231 4159 1375 4220 Perpetuus
1391 4158 1463 4206 ordi?-

347 4223 433 4266 natur.
448 4215 496 4272 Qui
509 4232 569 4264 cum
580 4216 689 4265 virtutes
700 4171 821 4266 assiduus
834 4218 868 4266 ad
882 4218 1032 4282 sepulcrum
1044 4220 1100 4268 eius
1112 4220 1169 4268 fieri
1182 4227 1310 4277 cerneret,
1324 4220 1460 4280 cellulam,
1475 4218 1503 4258 ³⁵

347 4295 413 4342 quae
424 4295 454 4326 su
475 4295 502 4326 er
518 4294 578 4326 eum
592 4279 719 4327 fabricata
732 4281 830 4339 iuerat,
844 4279 935 4328 videns
948 4283 1100 4344 parvulam,
1118 4283 1255 4346 indignam
1270 4283 1367 4330 talibus
1381 4281 1462 4334 mita-

346 4341 412 4389 culis
425 4295 558 4390 iudicavit.
572 4341 628 4398 Qua
642 4342 773 4402 submota,
788 4359 911 4406 magnam
923 4341 960 4390 ibi
974 4344 1122 4404 basilicam,
1142 4362 1207 4408 quae
1219 4361 1300 4408 usque
1314 4345 1390 4394 bodie
1401 4361 1478 4409 per--
