3256 5144
363 451 405 494 tol
651 449 808 498 (attauhu
829 449 1038 496 t'tlaotuu'sts
1057 449 1206 496 tristari

362 566 600 652 conspectibus
626 579 868 652 repraesentes.
901 595 916 627 n
939 567 981 629 At
1010 566 1066 629 ille
1098 566 1178 630 nihil
1208 579 1373 645 moratus,
1397 569 1488 630 velo-

363 665 446 729 citer
465 666 506 730 ad
523 679 682 730 metatum
695 664 788 730 vadit
807 668 1005 756 invenitque
1025 667 1193 732 infirmum
1215 667 1310 732 febre
1329 668 1487 756 plenum,

362 767 418 856 qui
445 793 505 854 per
531 781 645 831 notum
673 792 769 831 aures
796 793 872 832 suas
904 770 983 834 darc
1017 768 1177 834 tinnitum
1207 768 1397 848 indicabat3
1429 770 1489 832 ad·

362 870 653 958 praehensumque
674 869 767 934 ducit
787 872 827 934 ad
849 884 999 936 sanctum
1022 870 1096 938 Dei.
1121 872 1165 934 At
1184 871 1240 935 ille
1257 869 1488 957 adpraehensa

363 994 461 1034 manu
479 969 672 1050 caesariem,
696 971 839 1036 adtraxit
857 986 956 1060 caput
974 973 1063 1037 illius
1084 971 1118 1036 in
1134 972 1320 1049 fenistram,
1334 971 1520 1062 adsumps

362 1085 499 1161 tumque
533 1073 641 1138 oleum
672 1073 909 1138 benedictione
947 1073 1203 1151 salictificatum,
1232 1085 1353 1138 tenens
1385 1098 1485 1138 mauu

363 1175 532 1240 sinistram
576 1175 723 1264 linguam
767 1175 855 1252 eius,
885 1175 933 1240 ori
967 1175 1152 1264 verticique
1191 1174 1309 1262 capitis
1345 1175 1487 1246 infudit,

362 1277 477 1340 dicens
505 1305 510 1340 :
538 1306 553 1338 u
584 1281 620 1342 In
646 1277 782 1341 numine
800 1277 928 1342 domini
957 1277 1020 1340 mei
1045 1281 1120 1341 Iesu
1146 1275 1272 1342 Christi
1297 1274 1491 1365 aperiantur

363 1403 459 1442 aures
474 1392 563 1457 tuae,
580 1392 782 1467 reseretque
799 1403 836 1443 os
856 1392 948 1443 tuum
969 1381 1074 1444 virtus
1090 1379 1165 1456 illa,
1188 1378 1246 1466 qui
1261 1378 1430 1466 quondam
1447 1383 1491 1444 ab

362 1479 497 1543 humine
519 1479 621 1544 surdo
638 1492 672 1545 ct
689 1493 780 1544 muto
799 1479 934 1544 noxium
950 1479 1049 1545 eiecit
1067 1479 1290 1544 daemonium.
1312 1505 1328 1540 a
1345 1481 1387 1543 Et
1404 1481 1488 1546 haec
1508 1509 1533 1545 rc

363 1581 496 1660 (licens,
519 1582 704 1671 interrogat
730 1607 862 1646 nornen.
895 1582 953 1647 Ille
972 1606 1052 1646 vero
1075 1583 1164 1646 clara
1185 1605 1266 1645 voce
1287 1583 1358 1644 ait:
1390 1610 1407 1644 u
1433 1582 1490 1648 Sic

364 1681 469 1747 dicor.
498 1709 514 1743 n
542 1685 624 1748 Cum
647 1684 729 1748 haec
752 1683 893 1748 vidisset
917 1685 1100 1761 diaconus,
1128 1685 1173 1748 ait
1196 1711 1202 1746 :
1233 1710 1249 1744 u
1272 1683 1404 1750 Gratias
1426 1684 1489 1748 tihi

226 1799 281 1848 stol.
297 1801 342 1846 aaa
364 1784 532 1850 inmensas
544 1786 676 1865 refero,
700 1789 774 1851 lesu
798 1787 940 1866 Christi,
969 1786 1026 1875 qui
1048 1785 1126 1849 talia
1146 1809 1206 1874 per
1226 1783 1368 1876 sedlvunr
1396 1800 1489 1851 tuum

363 1885 513 1976 dignaris
537 1888 727 1952 ostendere.
757 1889 965 1970 Quaerebam
991 1891 1145 1967 Petrum,
1177 1889 1378 1975 quaerebam
1404 1891 1490 1953 Pau·

363 1989 429 2052 lum
469 1991 749 2077 Laurentiumque
791 1990 843 2054 vel
875 1990 1043 2078 reliquos,
1079 1987 1136 2077 qui
1173 1991 1311 2054 Romam
1348 1990 1531 2079 proprior.
1621 1981 1622 1986 ¹

364 2113 480 2154 cruore
497 2089 697 2167 inlustrant;
714 2089 770 2154 hic
786 2115 902 2156 omnes
925 2090 1071 2180 repperi,
1092 2089 1146 2154 hic
1165 2101 1305 2154 ctrnctcs
1321 2089 1445 2154 inveni.
1472 2121 1488 2152 »

366 2195 451 2256 llaec
470 2217 509 2256 eo
533 2217 607 2256 cum
625 2193 767 2257 maximo
790 2191 870 2258 lletu
893 2207 926 2258 et
947 2193 1166 2282 admiratione
1187 2193 1337 2271 dicente,
1357 2195 1407 2258 vir
1426 2195 1489 2258 Dei

364 2318 496 2358 ‹imnem
530 2294 752 2360 intentionem
784 2320 900 2360 vanam
921 2297 1063 2384 gloriam
1090 2296 1213 2375 vitane,
1241 2293 1287 2358 ait
1314 2320 1320 2358 :
1351 2322 1366 2355 u
1400 2295 1487 2366 Sile,

363 2395 580 2462 dilectissime
595 2397 709 2474 frater,
731 2423 798 2462 non
807 2400 889 2462 haec
909 2422 972 2487 ego
984 2396 1082 2475 facio,
1102 2397 1160 2460 sed
1179 2395 1235 2460 ille
1254 2394 1310 2484 qui
1327 2398 1489 2462 muudum

364 2522 403 2560 cx
419 2496 524 2562 nihilo
541 2499 711 2576 condidit,
735 2499 791 2589 qui
811 2523 872 2588 pro
894 2498 992 2563 nohis
1008 2498 1178 2562 hominem
1199 2497 1359 2586 suscepit,
1379 2499 1489 2564 caecis
1503 2527 1532 2563 ru

362 2596 485 2678 visum,
531 2600 640 2664 surdis
679 2601 848 2680 auditum,
884 2600 982 2665 mutis
1021 2613 1169 2688 praestat
1208 2598 1398 2687 eloquium3
1430 2602 1487 2687 qni

363 2701 504 2789 leprosis
525 2714 633 2766 cutem
652 2702 847 2790 pristinam,
874 2702 1014 2767 mortuis
1038 2702 1139 2766 vitam
1163 2716 1196 2766 et
1219 2699 1373 2766 omnibus
1394 2702 1488 2766 infir-

363 2805 424 2866 inis
445 2801 647 2870 adfluentem
665 2805 867 2875 medicinam
885 2805 1048 2894 indulget.
1075 2833 1089 2866 »
1113 2807 1138 2868 T
1142 2828 1205 2869 unc
1229 2804 1390 2868 diaconus
1409 2828 1488 2893 gau·

362 2906 446 2968 dens
471 2918 503 2970 et
523 2907 733 2986 valedicens,
757 2907 920 2972 abscessit
946 2931 1020 2972 curn
1047 2905 1226 2971 comitibus
1249 2904 1328 2970 suis.
1357 2899 1488 2988 Quibus

362 3005 627 3087 discedentibus,
648 3011 748 3073 homo
767 3009 902 3097 quidam
923 3010 1137 3085 Dominicus,
1159 3047 1202 3058 „-
1218 3007 1265 3071 sic
1284 3007 1373 3071 enim
1393 3007 1529 3097 aratu—n.

362 3132 438 3171 vera
456 3131 578 3172 nornen
595 3147 656 3186 -‚
678 3136 695 3173 a
713 3110 882 3175 nativitate
902 3135 1038 3188 caeam,
1057 3109 1192 3173 advenit
1214 3109 1253 3172 ad
1278 3109 1377 3173 istius·
1390 3109 1486 3172 mira-

362 3206 427 3272 culi
454 3209 609 3273 virtutem
628 3210 846 3298 probandam.
876 3210 1040 3294 Quidum
1064 3210 1098 3273 in
1120 3209 1322 3274 munasterio
1353 3209 1486 3274 dnobus

362 3321 417 3374 atat
432 3309 539 3374 tribus
556 3312 727 3376 mensibus
747 3313 934 3398 resederet,
955 3311 1106 3376 oratione
1128 3335 1165 3374 ac
1186 3310 1321 3374 ieiuniis
1342 3333 1483 3380 vacans,

311 3441 314 3448 Δ
361 3409 496 3473 tandem
522 3425 618 3474 vocat
646 3409 721 3476 euin
744 3413 784 3476 ad
808 3413 914 3476 sevir
941 3411 1002 3478 Dei
1031 3424 1064 3475 et
1089 3413 1161 3474 ait:
1195 3439 1210 3472 a
1241 3409 1297 3478 Vis
1332 3413 1484 3499 recipere

362 3511 490 3574 visum?
509 3538 525 3572 n
546 3513 606 3576 Cui
626 3513 682 3576 ille
700 3514 747 3578 ait
768 3541 773 3576 :
797 3513 1007 3591 «Voluntas,
1032 3512 1167 3600 inquid,
1188 3536 1258 3576 mea
1281 3524 1352 3575 erat
1368 3512 1483 3600 ignota
1500 3546 1528 3578 :n

362 3635 580 3700 cognoscere.
609 3616 691 3679 Nam
712 3640 796 3704 quae
820 3616 862 3681 sit
883 3615 938 3679 lux
958 3617 1089 3706 ignora.
1118 3618 1225 3680 Unum
1244 3625 1372 3678 tantum
1394 3615 1484 3689 scic,

362 3713 451 3802 equod
469 3715 510 3778 ah
530 3714 723 3781 horninibus
740 3718 977 3794 conlaudatum
998 3742 1060 3806 ego
1072 3729 1180 3780 autem
1197 3718 1238 3780 ab
1255 3715 1351 3779 initio
1368 3719 1486 3782 aetatis

363 3837 452 3878 ureae
466 3839 572 3904 usque
592 3841 681 3883 mmc
696 3819 809 3884 videre
826 3843 894 3884 nou
910 3818 1026 3884 merui.
1047 3844 1063 3880 n
1084 3821 1176 3882 'lunc
1193 3842 1267 3881 cnm
1289 3817 1362 3882 cleo
1385 3819 1486 3884 bene·

361 3918 451 3981 dicto
468 3941 569 4006 super
590 3920 707 3986 oculos
727 3919 798 3986 eius
822 3945 953 3986 crucem
975 3933 1121 3986 sanctam
1141 3915 1287 3997 iaciens,
1309 3918 1354 3982 ait
1377 3945 1382 3982 :
1408 3949 1424 3980 (ι
1447 3925 1483 3986 ln

362 4017 496 4083 numine
517 4020 642 4086 Christi
666 4022 865 4088 redemtoris
889 4022 994 4087 nostri
1015 4021 1207 4111 aperiantur
1229 4019 1316 4086 oculi
1332 4020 1391 4086 tui.
1409 4048 1425 4082 n
1444 4025 1487 4088 Et
1501 4053 1528 4090 as

362 4120 473 4188 statim
494 4123 600 4210 aperti
625 4125 807 4191 suntoculi
827 4127 915 4204 eius,
941 4137 973 4188 et
994 4137 1063 4190 erat
1082 4122 1250 4190 admirans
1274 4147 1484 4214 cernensque

363 4224 525 4313 magnalia
549 4225 631 4302 Dei,
656 4250 740 4314 quae
763 4228 795 4292 in
813 4228 877 4292 hoc
900 4226 1023 4290 inundo
1043 4225 1189 4292 videbat.
1214 4223 1344 4289 Dehinc
1366 4223 1486 4293 mulier

362 4325 536 4410 quaedam,
558 4341 711 4414 quar,'nt
733 4329 802 4416 ipsa
824 4328 1049 4392 declamabat.
1070 4326 1128 4389 tria
1152 4329 1277 4390 hahens
1295 4327 1482 4396 daemonia,
