3256 5144
399 417 565 467 IIIS'I’ORIAE
583 417 784 466 nnlnconun
801 417 898 465 LIBER
914 418 943 465 V.
1195 420 1237 468 171

114 540 200 584 torum
217 533 328 590 adisseu
345 534 483 606 ignorans,
504 533 586 642 guod,
629 530 804 584 ruete'rmissis
825 549 893 582 nunc
910 533 1050 596 generibus
1074 534 1237 592 seminarum,
1304 545 1308 564 ¹

114 596 183 660 regis
192 595 341 644 vocitantur
353 595 438 650 liberi,
452 597 497 662 qui
528 551 658 662 eregiius
670 597 771 644 fuerant
784 596 923 662 procreati.
938 596 984 643 llis
995 597 1100 654 auditis,
1113 612 1157 644 rex
1167 613 1239 646 com-

115 663 199 705 motus
221 657 311 714 valde,
328 665 384 704 tam
408 673 488 721 equos
512 674 591 722 quam
612 673 707 721 pueros
730 659 772 706 vel
798 671 976 732 quaecumque
999 659 1095 706 habere
1119 663 1240 721 poterant

113 720 235 776 abstulit;
257 720 382 784 ipsosque
401 720 428 767 in
446 721 641 770 monasteriisu
660 737 687 770 se
699 720 813 784 longiori
832 735 942 770 accensu
959 721 1078 779 dimotis,
1098 721 1125 768 in
1144 721 1239 793 quibus

84 798 98 834 5
113 782 301 846 poenitentiam
314 789 430 844 agerent,
442 782 542 830 includi
553 783 699 846 praecepit,
714 799 766 830 non
779 782 892 846 emplius
908 799 986 846 quam
1000 782 1118 845 singulos
1130 795 1174 830 'eis
1186 784 1239 831 ele-

113 845 181 894 ricos
191 844 359 908 relinquerer
370 844 470 894 iudices
482 845 599 894 locorum
611 845 766 894 terribiliter
774 859 950 902 commonens,
961 852 990 894 ut
1001 845 1009 892 i
1031 861 1144 892 sescum
1155 861 1240 892 arme-

110 907 144 954 tis
157 905 290 954 custodire
304 907 424 961 debeant,
440 907 525 954 necui
538 906 572 953 od
585 923 629 954 eos
642 906 787 954 visitandos
801 906 870 954 ullus
888 912 978 969 pateat
990 923 1005 954 a
1026 907 1085 954 itus.
1101 908 1239 970 Superstes

110 968 180 1015 enim
190 973 266 1014 crant
275 969 317 1015 his
328 967 420 1015 diebus
431 969 479 1016 filii
490 969 569 1030 regis,
579 985 609 1014 ex
619 968 714 1041 quibus
728 969 815 1018 senior
825 975 961 1032 aegrotare
976 984 1020 1016 coe
1040 969 1069 1016 it.
1084 968 1239 1016 decedentes

111 1037 201 1080 autem
214 1030 248 1078 ad
264 1045 354 1093 regem
366 1030 510 1080 familiares
523 1031 590 1086 eius,
609 1030 731 1080 dixerunt
744 1046 750 1078 ι
763 1048 775 1078 a
793 1031 820 1078 Si
833 1030 964 1096 propitius
982 984 1072 1078 audire
1087 1031 1240 1094 dignaretur

72 1104 97 1142 to
112 1109 158 1140 rex
170 1092 252 1139 verba
265 1108 401 1140 servorum
414 1109 529 1149 suorum,
546 1092 721 1156 loquebantur
733 1091 759 1138 in
770 1092 950 1141 auribustuis.
965 1110 977 1139 u
992 1091 1041 1148 Qui
1054 1091 1106 1139 ait:
1121 1092 1240 1157 «Loqui-

113 1154 177 1202 mini
191 1170 257 1218 quae
267 1154 340 1202 libet.
353 1171 365 1199 a
379 1155 570 1218 Dixeruutque:
587 1171 599 1202 a
612 1155 649 1202 Nc
663 1155 728 1202 sorte
741 1155 890 1202 innoeentes
907 1155 945 1202 bii
957 1154 1074 1218 episcopi
1087 1153 1164 1202 exilio
1177 1171 1239 1202 con·

111 1217 229 1264 demnati
241 1215 363 1270 fuissent,
379 1223 404 1263 et
416 1223 552 1278 peecatum
565 1217 635 1279 regis
649 1223 777 1278 augeatur
788 1216 815 1262 in
826 1216 926 1280 aliquo,
941 1223 966 1262 ct
982 1216 1040 1264 ideo
1057 1215 1127 1264 filius
1141 1215 1240 1263 domiui

111 1278 197 1325 nostri
210 1283 309 1342 pereat.
324 1295 335 1324 u
348 1277 397 1334 Qui
410 1279 463 1326 ait:
479 1295 490 1325 a
505 1279 541 1326 Ite
554 1279 709 1342 quantocius
722 1285 747 1326 et
759 1278 844 1325 laxate
854 1294 911 1334 cos,
929 1277 1111 1340 deprecantes,
1125 1284 1155 1326 ut
1166 1285 1240 1326 orent

111 1357 162 1404 pro
174 1339 293 1403 parvulis
310 1340 416 1388 uostris.
437 1341 563 1396 »Quibus
581 1339 752 1396 abeuntibus,
775 1340 878 1388 dimissi
900 1346 968 1387 sunt.
990 1339 1098 1403 Egressi
1114 1339 1197 1402 igitur
1208 1341 1239 1386 de

72 1406 96 1444 15
112 1401 296 1460 monasteriis,
315 1403 445 1453 coniuncti
460 1410 521 1453 sunt
537 1403 645 1466 pariter,
660 1408 685 1451 et
698 1419 725 1450 se
737 1403 899 1460 osculantes,
918 1417 948 1450 eo
966 1402 1035 1466 qued
1047 1401 1111 1450 olim
1123 1418 1139 1449 a
1152 1418 1178 1450 se
1188 1402 1239 1451 visi

111 1481 166 1512 non
179 1465 294 1521 suerunt,
308 1464 341 1510 ad
354 1464 472 1512 civitates
488 1481 549 1512 suas
562 1465 678 1539 regressi
690 1471 762 1521 sunt,
777 1472 802 1512 et
814 1465 951 1512 intantum
964 1463 1113 1536 compuncti
1127 1470 1199 1520 suut,
1211 1470 1240 1512 ut

111 1526 264 1574 viderentur
280 1529 423 1590 numquam
442 1543 457 1575 a
474 1527 616 1600 psallentio
637 1543 752 1585 cessare,
769 1530 780 1588 ΙΙ
794 1527 926 1576 celebrare
949 1525 1057 1582 ieiunia,
1082 1525 1238 1576 elemosinas
1251 1527 1304 1576 Col.
1320 1527 1373 1574 234.

112 1603 245 1644 exercere,
258 1588 357 1637 librum
369 1589 480 1638 Davitier
495 1589 618 1636 carminis
632 1589 735 1651 explere
752 1605 800 1656 per
816 1589 885 1636 diem
897 1594 1037 1662 noctesque
1052 1588 1080 1634 in
1091 1577 1196 1652 hymriis
1209 1603 1239 1635 ae

111 1650 269 1698 lectionibus
281 1649 432 1698 meditando
441 1649 577 1698 deducere.
589 1651 640 1698 Sed
652 1667 703 1697 non
715 1651 760 1698 diu
774 1650 838 1697 haee
851 1650 977 1698 sanctitas
992 1649 1104 1698 inlibata
1116 1666 1239 1714 perman-

68 1721 96 1758 20
113 1713 162 1771 sit,
178 1713 348 1775 conversique
367 1719 429 1761 sunt
444 1713 540 1762 iterum
559 1718 717 1770 retrorsum
736 1713 813 1761 etita
829 1713 984 1786 plerumque
999 1718 1088 1760 noctes
1109 1712 1239 1786 epulando

112 1781 192 1838 atque
204 1774 316 1822 bibendo
336 1773 474 1830 ducebant,
488 1781 529 1831 ut,
545 1775 646 1822 clericis
662 1775 804 1822 matutinas
819 1775 846 1821 in
861 1775 971 1822 ecelesia
987 1773 1194 1828 celebrantibus,
1212 1773 1240 1820 hi

111 1837 208 1900 pocula
221 1843 359 1900 poscerent
377 1836 475 1885 ctrina
487 1837 609 1885 libarent.
627 1837 706 1884 Nulla
721 1852 830 1898 prorsus
847 1836 878 1884 de
891 1837 943 1884 Deo
959 1843 1016 1884 erat
1026 1837 1137 1894 mentio,
1150 1836 1239 1884 nullus

112 1899 325 1946 omninoveursus
343 1898 484 1946 memoriae
503 1899 659 1946 habebatur.
678 1899 809 1946 Redeuute
827 1913 935 1954 aurora,
952 1903 1089 1960 surgentes
1112 1915 1126 1944 a
1145 1913 1238 1955 coena,

113 1961 238 2008 mollibus
258 1976 286 2008 se
302 1961 462 2008 indumentis
476 1961 638 2022 operientes,
653 1976 744 2008 somno
755 1961 867 2023 vinoque
885 1960 989 2022 sepulti,
1004 1975 1087 2022 usque
1102 1961 1134 2006 ad
1147 1961 1239 2007 horam

68 2030 97 2068 25
112 2023 166 2072 diei
177 2023 282 2072 tertiam
296 2023 469 2071 dormiebant.
484 2023 535 2070 Sed
545 2039 591 2071 nec
602 2022 724 2072 mulieres
736 2022 855 2080 deerant,
871 2037 930 2070 eum
960 2023 1038 2070 uibus
1050 2023 1239 2086 polluerentur.

114 2086 291 2148 Exsurgeutes
304 2084 490 2147 igitur„abluti
502 2085 618 2140 balneis,
635 2083 668 2131 ad
681 2085 828 2131 convivium
846 2084 948 2132 discum
968 2083 1059 2142 ebant;
1073 2083 1108 2131 de
1116 2101 1167 2147 quo
1179 2100 1241 2132 ves-

113 2163 176 2210 pere
188 2153 335 2210 surgentes,
350 2163 444 2194 coeuae
455 2146 593 2195 inhiabant
606 2161 689 2208 usque
703 2147 737 2194 ad
751 2146 817 2194 illud
835 2146 901 2192 lucis
913 2152 1033 2219 tempus,
1054 2163 1105 2210 quo
1118 2147 1240 2210 superius

113 2209 235 2258 diximus.
250 2208 292 2256 Sic
306 2209 436 2256 iaciebant
456 2209 567 2272 singulis
581 2207 683 2266 diebus,
697 2208 778 2256 donee
795 2207 834 2256 iro
847 2208 892 2256 Dei
905 2207 988 2254 diruit
1008 2224 1087 2271 super
1099 2225 1156 2265 eos;
1171 2209 1239 2272 quod

113 2272 139 2318 in
152 2277 287 2334 posterum
295 2269 463 2318 memoraturi
478 2287 577 2318 sumus.

70 2437 96 2474 oo
157 2413 249 2477 XIIII
270 2411 345 2499 (21).
371 2413 464 2476 Tunc
484 2412 696 2479 Winnochus
715 2412 822 2476 Britto
838 2410 872 2474 in
891 2435 1018 2474 summa
1038 2411 1240 2479 abstinentia

113 2537 130 2576 a
154 2513 315 2578 Brittanis
335 2512 426 2576 venit
446 2517 617 2593 Terentia,
643 2513 874 2578 Hierusolimis
896 2513 1056 2577 accedere
1079 2516 1237 2603 cupiens,

113 2615 239 2682 utillum
262 2615 362 2680 alium
381 2615 617 2681 vestimentum
639 2614 703 2681 nisi
724 2617 765 2681 de
786 2615 930 2704 pellibus
951 2615 1060 2680 ovium
1081 2616 1154 2682 lana
1174 2618 1238 2706 pri-

112 2718 242 2782 vatibus
267 2717 413 2797 habens3
438 2741 536 2806 quem
569 2741 650 2798 nos,
673 2741 740 2806 quo
771 2716 902 2783 facilius
920 2730 1130 2797 teneremus,
1162 2719 1239 2805 quia

113 2819 211 2884 nobis
227 2819 412 2908 relegiosus
432 2819 527 2883 valde
544 2818 733 2899 videbatur,
753 2818 954 2908 praesbiteri
974 2820 1081 2908 gratia
1096 2820 1240 2886 honera·

69 2947 96 2984 aa
112 2920 230 2986 vimus
253 2919 444 3010 Ingytrudis
464 2933 573 2986 autem
594 2920 759 3008 relegiosa
778 2919 1057 2987 consuetudinem
1075 2922 1238 2998 habebat,

112 3046 231 3110 aquam
261 3022 302 3087 de
330 3022 509 3110 sepulchro
539 3023 647 3088 saneti
671 3022 807 3088 Martini
839 3023 1015 3112 collegere.
1056 3026 1127 3105 Qua
1157 3047 1239 3112 aqua

102 3123 304 3212 deficiente,
325 3137 432 3213 rogat,
450 3149 505 3187 vas
523 3148 597 3189 eum
617 3125 694 3191 vino
713 3125 753 3188 ad
770 3125 860 3189 beati
871 3125 1034 3188 tumulum
1048 3124 1237 3212 deportare.

112 3229 293 3292 Transacta
321 3237 430 3290 autern
453 3239 569 3307 nocte,
597 3251 670 3291 cum
697 3225 817 3292 exinde
837 3227 901 3290 hoo
929 3225 1118 3314 presbitero
1148 3250 1240 3315 prae·

113 3341 207 3392 sente
228 3327 357 3394 adsumi
382 3327 572 3410 mundavit3
600 3339 633 3393 et
655 3328 696 3392 ad
717 3353 752 3394 se
770 3329 932 3408 delatam,
952 3329 998 3394 ait
1021 3328 1210 3416 presbitero
1232 3356 1238 3392 :

69 3455 98 3491 ra
114 3457 129 3492 a
149 3429 253 3495 Aufer
272 3430 351 3494 hiue
369 3431 481 3494 viuum
507 3444 540 3495 et
560 3455 658 3496 unam
681 3444 810 3497 tantum
833 3445 961 3520 guttam
984 3432 1026 3497 de
1044 3455 1128 3520 aqua
1141 3432 1241 3495 bene-

112 3532 214 3610 dicta,
233 3530 322 3594 unde
339 3554 456 3618 purum
475 3545 640 3620 superest,
663 3531 809 3597 effunde.
833 3559 849 3596 u
875 3532 973 3616 Quod
992 3557 1066 3598 cum
1085 3531 1240 3610 fecisset,

113 3634 233 3698 mirum
252 3632 364 3711 dictu,
391 3633 580 3712 vasculum,
604 3635 694 3722 quod
723 3634 944 3722 simeplenum
972 3646 1055 3712 erat,
1082 3634 1122 3697 ad
1145 3635 1241 3697 unius

111 3733 226 3822 guttae
243 3733 435 3799 discensum
454 3735 628 3821 impletum
654 3746 715 3800 est.
740 3737 822 3801 Item
840 3735 892 3800 bis
916 3748 979 3802 aut¹
992 3747 1043 3799 ter
1061 3737 1105 3798 ita
1122 3757 1241 3800 vaeua-

113 3847 200 3914 tum‚
224 3859 285 3925 per
310 3860 409 3902 unam
441 3848 569 3902 tantum
594 3849 722 3926 guttam
753 3849 804 3900 est
824 3828 1031 3926 implesstum3
1060 3837 1150 3925 quod
1174 3860 1240 3900 non
1253 3852 1308 3899 Col.
1320 3852 1373 3897 235.

68 3963 97 4002 aa
112 3937 293 4027 ambigitur
309 3949 342 4002 et
357 3939 390 4002 in
411 3939 475 4003 hoe
492 3940 580 4004 beati
600 3937 735 4003 Martini
755 3938 856 4004 fuisse
874 3941 1043 4004 virtutem.

156 4131 216 4198 XV
230 4129 307 4218 (22).
327 4132 386 4195 His
406 4132 451 4196 ita
468 4133 590 4221 gestis,
618 4134 777 4211 Samson,
800 4132 887 4196 filius
915 4131 1098 4218 Chilperiei
1118 4130 1239 4208 iunior,

112 4255 129 4296 a
160 4232 351 4319 dysenteria
379 4246 412 4298 et
443 4233 556 4297 fabrae
583 4234 876 4324 conpraehensos,
907 4257 923 4297 e
952 4232 1051 4298 rebus
1087 4231 1241 4298 humanis
