3226 5156
335 431 378 476 136
616 427 997 478 uauuoattauaoltuttsts
1015 428 1165 476 urtscort

377 547 497 613 XXXll
529 547 606 634 (46).
638 549 688 612 De
713 544 859 610 Andarci
881 569 959 610 vero
981 543 1119 611 interitu
1139 545 1329 624 locuturus,
1357 546 1449 634 prius

331 673 437 742 genus
464 649 575 716 ordire
604 651 715 740 placet
739 662 773 714 et
797 647 949 738 patriam.
980 646 1041 713 Hic
1066 648 1179 739 igitur,
1216 661 1252 714 ut
1268 649 1447 728 adserunt,

332 751 454 818 Felicis
487 752 652 818 senatoris
687 776 801 818 servus
833 750 910 829 fuit3
939 749 995 840 qui
1027 751 1068 816 ad
1093 751 1290 840 obsequium
1322 751 1449 817 domiui

332 855 524 944 deputatus,
544 855 585 919 ad
601 855 710 920 studia
726 855 911 920 litterarum
925 877 999 918 cum
1015 877 1054 918 eo
1075 853 1224 940 positus,
1248 855 1334 920 bene
1357 854 1450 920 insti-

332 969 423 1022 tutus
443 945 590 1023 emicuit.
609 960 692 1023 Nam
707 957 749 1022 de
770 956 928 1046 operibus
948 954 1096 1044 Virgilii,
1119 955 1203 1045 legis
1224 957 1449 1022 Theodosiani
1480 985 1495 1022 s

333 1059 428 1124 libris
452 1072 623 1148 artemque
644 1059 761 1125 calcoli
786 1059 965 1148 adplenum
992 1059 1143 1124 cruditus
1166 1071 1227 1123 est.
1257 1062 1324 1125 Hac
1349 1060 1453 1150 igitur

333 1161 505 1227 scientiam
523 1175 669 1242 tumens,
690 1162 857 1250 dispicere
868 1159 1022 1226 dominos
1036 1160 1148 1250 coepit
1163 1175 1196 1226 et
1213 1187 1248 1226 se
1263 1162 1451 1251 patrocinio

333 1265 416 1354 Lupi
441 1265 555 1346 ducis,
582 1290 656 1332 cum
679 1265 720 1329 ad
743 1267 860 1330 urbem
896 1263 1140 1330 Massiliensem
1174 1287 1212 1330 ex
1243 1263 1336 1332 iusso,
1364 1267 1451 1355 regis

334 1367 502 1458 Sygiberti
523 1369 709 1446 accederet,
730 1367 984 1432 commendavit.
1000 1368 1050 1431 De
1067 1390 1133 1454 qua
1153 1389 1339 1456 regressus,
1361 1368 1450 1432 hunc

333 1494 445 1536 secum
467 1472 591 1536 habere
617 1469 781 1559 praecipit
797 1468 1043 1557 insinuavitque
1063 1466 1335 1557 cumdiligenter
1356 1470 1450 1560 Sygi-
1466 1495 1497 1534 ro

333 1574 429 1638 berto
444 1573 515 1663 regi
530 1587 629 1664 atque
643 1573 684 1638 ad
703 1572 914 1638 serviendum
935 1569 1091 1636 tradedit.
1110 1574 1217 1656 Quem
1230 1571 1287 1636 ille
1302 1595 1362 1660 per
1378 1572 1451 1637 loca

335 1673 462 1739 diversa
482 1675 649 1766 dirigens,
678 1676 788 1741 locum
814 1673 969 1764 praebuit
992 1672 1169 1739 militandi.
1194 1675 1242 1738 Ex
1268 1675 1332 1738 hoc
1356 1677 1451 1762 quasi

333 1778 516 1842 honoratus
535 1778 684 1861 habitus,
705 1780 889 1855 Arvernum
901 1775 1011 1856 renit3
1031 1775 1146 1865 ibique
1167 1801 1242 1842 cum
1257 1779 1362 1856 Urso,
1388 1776 1452 1843 civi

333 1879 437 1959 orbis,
454 1879 615 1946 amicitias
628 1880 757 1971 inligat.
778 1878 928 1958 Interim,
949 1891 1070 1943 ut.erat
1087 1878 1172 1944 acris
1189 1879 1330 1970 ingenii,
1350 1879 1451 1945 liliam

333 1980 404 2046 eius
424 1981 621 2072 dispensare
637 1981 845 2061 desiderans,
866 1980 1015 2059 loricam,
1031 1993 1067 2046 ut
1086 1981 1209 2060 lerunt,
1231 1982 1265 2046 in
1284 1981 1448 2063 libellare,
1469 2009 1499 2048 aa

333 2108 398 2173 quo
415 2096 484 2149 arte
505 2085 582 2149 abdi
603 2084 693 2150 soliti
710 2098 805 2164 sunt,
827 2083 991 2164 recondit,
1013 2083 1129 2149 diceus
1150 2083 1298 2164 mulieri,
1316 2087 1452 2176 coniugi

324 2186 448 2275 utique
483 2187 591 2253 Ursi:
630 2215 647 2251 «
684 2188 770 2273 Quia
803 2185 1050 2252 multitudinem
1089 2211 1264 2253 aureorum
1303 2212 1452 2254 meorum

333 2288 474 2376 amplius
492 2313 590 2378 quam
616 2290 762 2356 sedecim
783 2288 873 2354 milia
889 2288 925 2354 in
948 2291 1013 2354 hoc
1031 2290 1182 2355 libellare
1203 2289 1373 2356 conditam
1388 2289 1452 2355 tibi

334 2391 550 2471 commendo,
574 2393 665 2482 quod
687 2406 779 2459 tuum
803 2416 877 2457 esse
899 2391 1039 2480 poterit,
1074 2392 1207 2482 siumihi
1235 2392 1335 2457 liliam
1361 2405 1451 2458 tuam

334 2493 541 2583 praestiteris
555 2494 765 2584 disponsare.
783 2522 800 2557 a
816 2494 883 2560 Sed
1431 2551 1434 2556 .
1468 2522 1501 2560 ao

536 2651 537 2658 ,
624 2599 691 2684 Qui
705 2598 861 2662 mortalia
874 2612 1010 2686 pectora
1028 2603 1150 2687 cogis,

511 2699 625 2764 Aurae
638 2725 739 2764 sacra
750 2701 878 2791 famis?
891 2701 900 2744 ¹

198 2814 252 2862 cot.
268 2815 321 2861 1⁸9·
334 2803 492 2868 Promisit
506 2801 625 2867 mulier
641 2803 724 2867 haec
744 2800 943 2889 simpliciter
955 2801 1109 2880 eredens,
1120 2804 1259 2868 absente
1272 2802 1355 2884 viro,
1374 2802 1453 2867 huic

334 2903 530 2993 dispensare
554 2904 709 2992 puellam.
736 2904 779 2968 At
800 2903 857 2968 ille
878 2927 1049 2994 regressus
1075 2903 1116 2968 ad
1139 2928 1269 2994 regem,
1291 2927 1453 2994 praecep-

333 3005 458 3072 tionem
475 3007 515 3072 ad
531 3007 675 3071 iudicem
692 3006 757 3070 loci
771 3006 934 3088 exhibuit,
945 3020 981 3072 ut
996 3005 1140 3096 puellam
1158 3009 1245 3073 hanc
1261 3032 1321 3074 suo
1337 3009 1452 3073 matri·
1469 3037 1501 3075 as

333 3109 446 3174 monio
464 3109 744 3187 sociaret‚dicens
758 3135 764 3173 :
778 3109 977 3193 «Quiadedi
990 3133 1096 3174 arram
1111 3107 1145 3172 in
1162 3108 1453 3198 disponsationem

334 3207 416 3272 eius.
430 3233 447 3270 »
464 3208 605 3298 Negavit
621 3220 730 3273 autem
745 3206 794 3272 vir
810 3207 879 3286 ille,
895 3207 1010 3272 dicens
1028 3234 1034 3271 :
1055 3234 1071 3270 «
1089 3207 1175 3292 Quia
1189 3231 1297 3297 neque
1311 3221 1344 3273 tc
1360 3210 1450 3286 novi,

333 3310 423 3376 unde
438 3310 495 3390 sis,
505 3335 613 3400 neque
625 3310 751 3400 aliquid
763 3311 805 3376 de
817 3312 916 3375 rebus
928 3311 993 3376 tuis
1011 3312 1130 3376 habeo.
1151 3315 1251 3395 »Qua
1264 3311 1453 3377 intentione

334 3412 518 3500 pullulante
537 3436 583 3478 ac,
601 3413 830 3479 vehementius
856 3411 1050 3491 insistente,
1074 3412 1284 3478 Andarchius
1312 3414 1453 3503 expetiit

333 3517 453 3580 Ursum
469 3513 556 3604 regis
576 3516 799 3604 praesentiam
814 3513 1019 3605 arcessire.·ll
1036 3519 1186 3606 Cumque
1200 3519 1347 3582 venisset
1362 3518 1450 3606 apud
1468 3547 1499 3588 ao

334 3616 443 3681 villam
462 3615 677 3698 Brinnacum,
695 3619 843 3708 requiret
862 3617 1031 3683 hominem
1050 3617 1149 3683 alium
1164 3621 1285 3684 Ursum
1301 3620 1449 3703 nomine,

334 3743 432 3807 quem
459 3719 500 3784 ad
521 3719 672 3785 altarium
697 3721 781 3785 clam
804 3721 982 3786 abductum
1010 3723 1119 3786 iurare
1146 3745 1183 3786 ac
1210 3721 1321 3788 dicere
1345 3723 1448 3788 lecit:

335 3847 351 3883 «
372 3823 436 3886 Per
458 3823 523 3887 hoc
543 3823 652 3888 locum
672 3836 822 3888 sanctum
849 3835 881 3888 et
908 3823 1065 3912 reliquias
1092 3826 1281 3904 beatorum,
1304 3825 1400 3915 quia,
1424 3827 1451 3891 si

334 3922 434 3988 filiam
460 3949 564 3990 meam
585 3925 646 3990 tibi
669 3926 703 3991 iu
729 3926 975 3992 matrimonium
999 3951 1066 3991 nou
1088 3927 1277 4006 tradidero,
1306 3928 1451 3994 sidecem

334 4025 423 4090 milia
447 4025 630 4092 solidorum
660 4027 722 4093 tibi
750 4029 939 4094 satisfacere
967 4055 1032 4094 non
1061 4031 1227 4096 morabor.
1257 4057 1273 4091 »
1309 4032 1452 4098 Stabant
1467 4061 1496 4100 aa

334 4126 422 4192 euim
442 4139 545 4192 testes
564 4129 598 4193 in
618 4129 776 4210 sacrario,
788 4129 1014 4194 abscultantes
1033 4132 1183 4197 occultae
1198 4133 1298 4196 verba
1314 4131 1453 4221 loquen-

366 4323 387 4368 l.
406 4322 483 4385 Verg.
497 4323 569 4376 Aen„
583 4325 605 4379 3,
620 4325 704 4372 att-57.
