3256 5144
342 451 387 498 220
626 450 784 502 anuuoau
803 449 1012 500 TURONENSIS
1028 449 1179 499 urlscoer

343 568 414 634 ait:
434 593 451 628 a
470 569 506 634 Si
524 591 598 632 cum
617 580 741 659 nepute
764 581 823 634 tuo
842 566 1075 656 coniungeris,
1096 579 1130 632 et
1150 567 1224 657 ipse
1249 567 1467 660 coniungitur

343 668 425 747 tibi,
461 682 629 735 commotu
660 670 826 748 exercitu,
859 671 942 736 ultio
967 695 1052 760 quae
1080 671 1223 736 debetur
1251 695 1353 760 super
1388 695 1464 737 eum

341 768 489 834 velocius
509 769 682 836 inseratur.
705 798 721 834 n
744 772 842 855 Quod
859 796 933 837 eum
957 773 1144 837 iuramento
1164 772 1355 837 firmassent
1372 772 1465 838 obsi·

343 869 470 960 desque
494 873 583 937 inter
610 897 645 937 se
671 872 865 952 dedissent,
896 873 1135 939 discesserunt.
1163 873 1270 964 Igitur
1299 873 1406 940 sidens
1431 873 1466 939 in

341 975 517 1063 promissis
533 998 648 1040 eorum
663 975 892 1064 Chilpericus,
914 987 1084 1068 commotu
1103 977 1197 1066 regni
1223 975 1274 1041 sui
1294 975 1461 1059 exercitu,
1481 1002 1495 1040 5

342 1077 488 1146 Parisius
513 1075 615 1142 venit.
647 1076 712 1144 Ubi
739 1102 812 1142 cum
841 1079 1039 1157 resedisset,
1067 1101 1223 1168 maguum
1250 1077 1467 1167 dispendium

344 1203 452 1244 rerum
479 1178 600 1245 ineolis
627 1179 750 1245 intulit.
780 1180 932 1245 Berullus
955 1204 1034 1244 vero
1065 1180 1132 1244 dux
1162 1204 1237 1244 cum
1271 1182 1464 1260 Toronicis‚

342 1283 495 1348 Pectavis
537 1281 791 1371 Andecavisque
824 1295 923 1370 atque
962 1279 1169 1347 Namneticis
1211 1283 1252 1347 ad
1285 1282 1467 1348 terminum

343 1382 528 1449 Bituricum
559 1383 661 1450 venit.
696 1384 892 1450 Desiderius
927 1408 1005 1449 vero
1034 1397 1067 1450 et
1103 1384 1269 1449 Bladastis
1296 1386 1466 1450 communi

343 1485 492 1552 exercitu
518 1485 708 1574 provinciae
732 1486 796 1551 sibi
824 1487 992 1551 conmisso
1014 1487 1054 1550 ab
1078 1485 1139 1550 alia
1164 1498 1259 1574 parte
1279 1485 1466 1552 Bituricum
1483 1512 1508 1550 ιο

341 1588 481 1667 vallant,
517 1590 657 1654 multum
690 1602 858 1655 vastantes
892 1614 953 1678 per
986 1613 1068 1681 quas
1100 1602 1265 1654 venerunt
1294 1589 1463 1678 regiones.

344 1691 555 1780 Chilperieus
572 1717 651 1757 vero
665 1694 763 1759 iussit
783 1693 982 1770 exereitum,
1001 1691 1057 1780 qni
1075 1691 1115 1756 ad
1134 1716 1207 1756 eum
1226 1690 1384 1769 accessit,
1406 1689 1468 1778 pei·

344 1793 491 1860 Parisius
511 1794 666 1859 transire.
690 1798 764 1878 Quo
783 1806 995 1870 transeunte,
1014 1806 1047 1857 et
1064 1793 1137 1881 ipse
1152 1795 1286 1859 transiit
1306 1807 1405 1880 atque
1425 1795 1466 1858 ad

187 1876 640 1988 F321⁹⁰335Miglilldunensem
659 1896 673 1986 ΙΙ
691 1909 836 1962 castrum
866 1897 966 1973 abiit,
995 1908 1116 1960 cuncta
1145 1895 1303 1960 incendio
1330 1895 1467 1960 tradens

344 2012 443 2088 atque
459 1999 647 2063 devastans.
673 2002 713 2064 Et
735 1997 815 2062 licet
833 1999 998 2062 exercitus
1017 1997 1150 2086 nepotis
1173 1997 1223 2063 sui
1245 1997 1285 2060 ad
1303 2021 1377 2062 eum
1398 2021 1466 2061 non
1483 2023 1507 2061 rs

342 2098 508 2176 venisset,
530 2111 642 2163 tamen
663 2099 767 2164 duces
787 2110 820 2162 et
837 2097 939 2186 legati
961 2098 1032 2165 eius
1058 2123 1131 2164 cum
1152 2097 1226 2187 ipso
1247 2111 1353 2162 erant.
1373 2101 1467 2162 'l'unc

343 2200 434 2266 misit
449 2201 585 2265 nuntios
606 2200 646 2264 ad
662 2198 873 2289 supradictos
891 2200 1014 2279 duces,
1032 2200 1148 2264 diceus
1170 2226 1176 2264 :
1196 2227 1213 2262 «
1227 2198 1466 2290 ingrediemini

343 2300 545 2381 Bituricum,
566 2314 599 2366 et
621 2302 822 2366 accedentes
851 2324 957 2390 usque
986 2303 1026 2365 ad
1050 2301 1237 2379 civitatem,
1260 2312 1466 2366 sacramenta

342 2402 513 2469 fidelitatis
550 2402 673 2492 exigite
701 2404 742 2468 de
770 2402 905 2468 nomine
928 2415 1056 2468 nostro.
1086 2429 1102 2464 n
1125 2402 1268 2492 Biturigi
1289 2426 1368 2467 vero
1392 2427 1466 2467 eum

342 2504 534 2595 quindecim
565 2504 699 2570 milibus
728 2505 769 2568 ad
792 2503 1071 2570 Mediolanensim
1098 2517 1242 2569 castrum
1271 2504 1508 2582 confluunt,ao

342 2606 457 2696 ibique
475 2620 591 2672 contra
615 2605 828 2672 Desiderium
855 2607 974 2672 ducem
1000 2605 1207 2697 confliguut3
1234 2607 1387 2696 factaque
1415 2619 1466 2672 est

341 2708 389 2774 ibi
406 2711 526 2800 stragis
543 2733 680 2798 magna,
703 2708 749 2774 ita
764 2722 801 2773 ut
820 2712 862 2776 de
882 2722 1024 2798 utroque
1040 2708 1187 2775 exercitu
1204 2707 1346 2796 amplius
1366 2703 1465 2797 q‘nam

343 2824 470 2900 septem
490 2810 581 2875 milia
596 2810 829 2877 caecidissent.
854 2815 964 2877 Duces
983 2834 1117 2900 quoque
1134 2835 1208 2875 cum
1225 2809 1352 2899 reliqua
1372 2823 1466 2898 parte
1545 2843 1550 2850 ·

342 2912 459 3002 populi
490 2914 531 2976 ad
563 2912 729 2978 civitatem
760 2925 1001 3001 pervenerunt,
1035 2926 1155 2978 cuneta
1179 2911 1385 3001 deripientes
1413 2913 1465 2976 vel

342 3014 571 3092 devastantes3
593 3013 736 3104 talisque
756 3015 974 3105 depopulatio
994 3017 1079 3102 inibi
1097 3028 1169 3081 aeta
1193 3027 1261 3092 est,
1285 3015 1382 3103 quale
1403 3037 1465 3079 nec
1479 3041 1508 3079 aa

342 3115 527 3204 antiquitus
543 3115 655 3182 audita
671 3115 799 3195 luisset,
815 3129 851 3182 ut
871 3141 931 3182 nee
947 3117 1065 3182 domus
1084 3130 1273 3182 remaneret
1290 3141 1352 3181 nec
1369 3117 1466 3181 vinea

342 3242 404 3283 nec
421 3220 575 3296 arbores,
592 3219 650 3284 sed
667 3232 787 3283 cuncta
802 3219 1017 3284 succiderent
1032 3233 1065 3284 et
1080 3219 1301 3284 debellarent.
1329 3221 1412 3284 Nam
1433 3231 1467 3284 et

342 3321 384 3386 ab
402 3319 533 3384 eclesiis
550 3321 737 3386 auferentes
758 3344 851 3385 sacra
872 3320 1073 3398 ministeria,
1097 3323 1188 3410 ipsas
1212 3321 1371 3386 incendio
1392 3346 1466 3386 cre-

343 3423 489 3490 mabant.
511 3425 763 3489 Gunthramnus
780 3447 859 3488 vero
871 3448 928 3488 rex
939 3448 1013 3489 cum
1029 3423 1178 3488 exercitu
1193 3436 1309 3488 contra
1330 3423 1465 3488 fratrem

343 3549 438 3589 suum
450 3523 596 3602 advenit,
607 3537 709 3589 totam
731 3549 823 3613 spem
837 3527 871 3590 in
892 3524 953 3590 Dei
971 3523 1097 3591 iudicio
1115 3526 1296 3590 collocans.
1314 3527 1379 3609 Qui
1397 3525 1465 3590 diei
1481 3551 1510 3590 aa

342 3649 407 3690 una
431 3626 496 3690 iam
520 3650 678 3714 vespere,
700 3627 802 3692 misso
823 3625 990 3704 exercitu,
1014 3628 1188 3692 maximam
1209 3640 1337 3714 partem
1355 3651 1372 3691 a
1392 3651 1465 3716 ger·

344 3727 432 3790 mani
452 3727 503 3790 sui
520 3727 667 3792 exercitu
686 3727 856 3792 interficit.
871 3731 1088 3793 Maneautcm
1104 3729 1317 3793 currentibus
1331 3727 1465 3818 legatis,

342 3851 459 3917 pacem
482 3827 649 3908 lecerunt,
674 3828 874 3918 pollicentes
898 3830 981 3895 alter
1002 3831 1215 3909 alterutrum,
1239 3842 1275 3895 ut
1304 3829 1466 3919 quicquid

343 3929 534 3995 sacerdotes
560 3930 611 3994 vel
641 3932 791 3996 seniores
812 3931 927 4020 populi
948 3933 1156 4008 iudicarent,
1185 3956 1263 4021 pars
1282 3930 1369 4020 parti
1389 3955 1467 3996 eou-

342 4044 525 4121 ponereut,
554 4056 639 4122 quae
667 4033 844 4098 terminum
868 4034 952 4124 legis
971 4047 1176 4114 excesserat3
1201 4047 1235 4098 et
1259 4033 1306 4098 sie
1333 4032 1466 4122 pacifici
1482 4061 1511 4100 es

342 4133 581 4200 discesserunt.
603 4134 814 4226 Chilperieus
829 4159 908 4200 vero
924 4159 982 4200 rex
998 4159 1072 4201 cum
1091 4135 1239 4202 exercitu
1256 4160 1315 4200 suo
1331 4159 1349 4200 a
1368 4159 1466 4224 prae-

343 4236 395 4302 dis
413 4260 526 4302 arcere
546 4262 613 4303 non
635 4239 755 4328 possit,
776 4237 1074 4328 Rhotomagensim
1095 4238 1251 4305 comitem
1270 4238 1383 4330 gladio
1398 4251 1466 4304 tru-

342 4339 480 4418 cidavit;
505 4351 538 4403 et
564 4338 612 4406 sie
630 4340 777 4407 Parisios
803 4340 922 4420 rediit,
944 4365 1075 4406 omnem
1095 4340 1289 4431 relinquens
1309 4340 1466 4430 praedam
