3256 5144
404 435 569 484 HISTORIAE
587 435 788 485 FRANGORUM
805 437 902 488 LIBER
918 439 946 486 Υ.
1204 440 1245 484 lea

3 577 4 648 a
120 577 204 630 mus,
225 551 405 640 Tyberinm
424 575 592 616 caesarem
610 553 785 642 clegerunt
804 555 932 644 utilem,
954 569 1126 620 strenuum
1144 567 1243 642 atque

3 657 4 668 ¹
120 655 326 744 sapientem,
357 652 647 740 aelymosinariurn
671 653 876 745 inopumque
901 657 1063 745 optimum
1088 657 1244 720 defenso-

121 782 200 822 rem.
220 756 373 840 Quicum
390 751 491 821 multa
503 757 544 820 de
562 757 741 836 thesauris,
758 783 841 847 qnos
852 757 865 850 Η
880 759 1026 826 lustinus
1038 757 1242 848 adgregavit,
1257 770 1311 818 Col.
1326 771 1378 816 rao.

120 857 324 947 pauperihus
341 869 511 946 erogaret,
530 870 563 920 et
583 872 721 946 augusta
740 859 796 924 illa
812 879 886 925 erim
907 863 1114 950 frequentius
1134 860 1245 924 incre·

92 972 230 1048 aparet,
249 960 339 1047 quod
367 983 436 1023 rem
464 958 633 1046 publicam
664 960 843 1051 redigisset
868 963 901 1026 in
928 974 1137 1051 palipertate,
1158 961 1245 1026 dice·

119 1075 259 1150 ratque:
284 1088 300 1123 «
321 1061 418 1143 Quod
444 1085 505 1148 ego
527 1060 643 1125 multis
666 1061 760 1126 annis
790 1067 1005 1153 congregavi,
1031 1064 1114 1128 infra
1139 1088 1244 1152 pauco

118 1178 250 1250 tempus
262 1163 402 1251 prodige
421 1162 601 1253 dispergis,
626 1189 641 1225 »
664 1163 775 1228 aiebat
793 1165 874 1229 ille:
904 1192 921 1227 a
943 1169 1016 1231 Non
1036 1166 1143 1230 deerit
1164 1166 1244 1229 fisco

120 1279 255 1343 nostro;
273 1277 402 1328 tantum
423 1289 588 1352 pauperes
603 1266 840 1353 aelymosinam
860 1267 1036 1354 accipiant,
1056 1280 1112 1332 aut
1123 1268 1244 1356 captivi

118 1367 337 1432 redimantur.
371 1370 440 1430 lloc
470 1379 521 1430 cst
551 1367 639 1432 enim
678 1393 834 1460 magnum
867 1372 1077 1450 thesaurum,
1111 1369 1244 1432 dicente

81 1497 104 1534 ta
119 1469 266 1535 Domino
286 1495 292 1532 :
320 1469 554 1533 Thesara-tzere
572 1471 660 1533 vobis
681 1471 855 1536 thesauros
873 1477 906 1536 in
929 1473 1038 1550 cocle,
1068 1473 1124 1535 att
1141 1495 1244 1559 neque

117 1597 219 1659 erugo
238 1595 341 1659 neque
364 1575 451 1634 tinea
471 1577 672 1658 corrumpit,
698 1587 728 1634 et
751 1574 914 1662 ubifures
932 1597 996 1638 nou
1018 1571 1174 1660 effodiunt
1186 1597 1244 1636 nec

114 1677 277 1764 furerem·
294 1673 316 1734 ¹.
341 1673 428 1760 Ergo
440 1673 482 1737 de
501 1673 590 1760 quod
609 1673 811 1738 Deus'dedit
831 1691 1074 1764 congregemus
1087 1699 1147 1762 per
1162 1699 1244 1762 pau-

117 1798 215 1863 peres
239 1773 403 1852 incaelo,
423 1785 460 1837 ut
483 1773 646 1838 Dominus
669 1775 765 1838 nobis
786 1799 908 1864 augere
929 1775 1089 1864 dignetur
1109 1775 1144 1838 in
1172 1799 1243 1840 sae-

118 1877 204 1940 culo.
232 1901 248 1936 a
269 1877 310 1938 Et
330 1872 425 1962 quia,
448 1888 484 1938 ut
504 1875 667 1954 diximus,
695 1901 834 1965 magnus
859 1889 892 1940 et
922 1901 1019 1940 verns
1041 1875 1243 1941 christianus

81 2005 103 2041 n
118 1991 207 2058 erat,
227 1978 304 2041 dum
330 1974 435 2039 hilare
461 1976 699 2041 distributione
724 1979 928 2066 pauperibus
956 2002 1052 2065 opem
1076 1990 1242 2065 praestat,

119 2079 224 2169 magis
240 2103 277 2144 ac
294 2077 398 2166 magis
412 2081 441 2142 ei
457 2078 620 2143 Dominus
636 2077 878 2144 subministrat.
896 2081 978 2145 Nam
991 2079 1244 2143 deambulantes

118 2207 178 2271 per
197 2181 376 2270 palatium,
407 2179 491 2244 vidit
519 2180 553 2244 iu
578 2180 769 2268 pavimento
792 2181 911 2246 domus
933 2183 1079 2246 tabulam
1106 2204 1244 2244 marmo-

117 2308 224 2361 ream,
245 2282 361 2370 inqua
383 2305 463 2345 crux
480 2282 648 2346 dominica
671 2295 742 2346 erat
759 2281 904 2369 sculpta,
926 2295 959 2346 et
977 2284 1045 2346 ait:
1066 2309 1083 2343 a
1103 2284 1243 2345 Crucem

117 2399 220 2462 tuam,
237 2386 391 2461 Domine,
410 2384 552 2448 frontem
563 2397 712 2448 nostram
726 2381 893 2447 munimus
908 2397 941 2448 et
952 2396 1101 2470 pectora,
1119 2396 1152 2446 et
1165 2407 1243 2447 ecee

78 2515 103 2551 ao
118 2512 252 2552 crucem
277 2487 339 2549 sub
363 2485 505 2573 pedibus
530 2487 784 2551 conculcamus!
809 2511 825 2547 a
855 2489 896 2552 Et
916 2485 1007 2550 dicto
1030 2484 1127 2550 citius
1145 2484 1243 2549 iussit

118 2613 188 2653 cam
214 2589 342 2651 auferre
367 2587 549 2665 defossam,
567 2612 651 2676 quae
675 2589 817 2652 ablatam
841 2600 940 2676 atque
968 2601 1130 2666 erectam,
1150 2589 1243 2650 inve-

119 2691 215 2756 niunt
230 2703 345 2778 supter
365 2702 398 2753 et
414 2689 511 2754 aliam
527 2691 591 2754 hoc
604 2691 736 2779 signum
752 2693 945 2755 habentem.
960 2691 1241 2776 Nuntiantcsquc,

119 2805 151 2856 et
172 2792 262 2856 illam
289 2791 386 2855 iussit
411 2791 555 2870 auferre,
587 2792 783 2880 repperiunt
812 2807 845 2856 et
867 2794 1018 2867 tertiam3
1050 2791 1243 2878 iussumque

119 2897 189 2957 cius
210 2906 244 2958 et
274 2895 356 2956 haec
382 2893 537 2956 aufertur.
569 2897 641 2976 Qua
661 2895 785 2974 ablata,
804 2894 979 2958 inveniunt
998 2916 1153 2980 magnum
1171 2894 1242 2957 the·

78 3021 103 3058 aa
119 3020 262 3076 sauram,
279 2996 459 3058 habentem
476 3019 575 3082 supra
587 2995 676 3058 mille
689 2995 759 3060 anri
777 2995 978 3061 centenaria.
1001 2994 1242 3083 sublatumque

118 3122 197 3161 ituro
213 3098 417 3184 pauperibus
434 3097 543 3160 adhuc
565 3097 835 3177 habundantiam,
857 3110 894 3161 ut
914 3108 1150 3173 consueverat,
1168 3098 1242 3159 sub-

94 3219 97 3224 ·
119 3198 302 3282 ministrat3
323 3221 384 3262 nec-
405 3198 435 3262 ei
456 3198 618 3263 Dominus
639 3199 764 3288 aliquid
779 3201 931 3264 defecere
948 3198 1070 3262 fecitct
1083 3222 1143 3286 pro
1155 3199 1243 3261 borsa

117 3302 287 3365 voluntate
311 3324 380 3364 sua.
404 3301 492 3382 Quid
518 3300 548 3364 ei
569 3301 603 3364 in
624 3313 796 3388 posterum
814 3299 976 3365 Dominus
1001 3297 1240 3377 transmiserit,

118 3427 184 3466 non
201 3400 362 3466 omittam,
385 3401 566 3468 Narsisille
588 3403 654 3466 dux
673 3403 802 3481 ltaliae,
820 3427 893 3466 cum
914 3404 949 3465 in
969 3402 1111 3490 quadam
1132 3400 1242 3466 civita-

77 3529 103 3566 ιω
119 3517 184 3568 tem
205 3505 340 3567 domum
356 3528 510 3592 magnam
527 3506 677 3584 haberet,
693 3503 705 3593 ΙΙ
721 3504 848 3568 ltaliam
863 3529 938 3568 cum
948 3503 1061 3568 multis
1077 3502 1242 3568 thesauris
1254 3515 1308 3562 Fot.
1321 3519 1350 3562 70
1362 3526 1397 3562 vr.

119 3630 291 3696 egressus,
321 3605 361 3668 ad
389 3619 725 3693 supramemoratam
750 3608 867 3670 urbem
894 3607 1043 3684 advenit;
1074 3606 1188 3694 ibique
1207 3605 1241 3669 in

119 3710 218 3772 clamo
237 3732 295 3772 sua
314 3709 466 3772 occultae
489 3709 667 3772 cisternam
691 3733 843 3798 magnam
868 3710 971 3787 fodit,
996 3710 1031 3772 in
1054 3732 1118 3798 qua
1139 3707 1241 3771 multa

120 3811 209 3874 milia
243 3809 513 3874 centenariorum
545 3811 615 3874 auci
642 3807 654 3902 Η
679 3811 875 3900 argentique
909 3811 1041 3899 posuit,
1077 3811 1373 3897 ideoque,col.a:n.

120 3911 304 3977 interfectis
327 3911 491 3990 consciis,
511 3937 578 3976 nuo
598 3937 717 3978 senece
738 3913 968 3978 tantummodo
990 3912 1061 3976 sinc
1078 3937 1138 4000 per
1158 3911 1242 3976 iura-

78 4026 230 4078 mittente
267 4014 402 4078 condita
432 4016 686 4079 commendavit.
722 4016 888 4080 Defuncto
923 4039 1056 4103 quoque
1092 4014 1240 4092 Narsitc,

119 4117 200 4180 hace
227 4117 288 4180 sub
314 4129 399 4179 terra
417 4116 576 4184 latebant.
605 4117 755 4204 Cumque
779 4116 990 4204 supradictus
1016 4140 1118 4179 senex
1145 4116 1242 4178 huius

150 4321 171 4366 1.
191 4319 281 4367 llatth.
297 4322 323 4375 6,
339 4321 376 4367 20.
