3226 5156
348 401 379 447 st
630 399 788 452 GREGORII
807 399 1015 450 TURONENSIS
1031 399 1182 450 EPISCOPI

347 516 450 606 igitur
470 517 698 583 Theodericus
719 519 760 583 ad
778 520 895 583 urbem
914 518 1096 584 Arvernam
1111 541 1216 608 usque
1236 516 1413 596 accedens,
1430 513 1465 579 in

346 617 410 683 civi
426 617 515 686 illius
533 615 723 686 suburbana
744 633 851 686 eastra
863 620 945 686 fixit.
964 623 1086 686 Beatus
1100 644 1178 685 vero
1195 617 1396 704 Quintianus
1412 616 1465 682 his

346 720 465 786 diebus
489 736 560 787 erat
582 722 771 812 episcopus.
806 727 937 789 Interea
965 724 1131 789 exercitus
1160 735 1313 787 cunctam
1348 720 1468 786 circuit

346 825 517 914 regionem
536 824 639 906 illam,
662 838 782 892 cuncta
798 826 904 907 delet,
922 825 1077 892 universa
1096 825 1256 892 debellat.
1280 828 1330 890 De
1343 824 1466 912 quibus

345 927 498 992 nonnulli
512 928 552 992 ad
571 927 742 993 basilicam
758 919 873 994 Sancti
889 929 1008 993 luliani
1022 929 1234 1018 perveniunt,
1245 925 1490 1016 confringunts

345 1029 442 1109 ostia,
463 1055 570 1096 serras
592 1044 763 1096 removent
780 1055 899 1120 resque
918 1055 1120 1121 pauperum,
1141 1055 1226 1120 quae
1248 1029 1373 1095 ibidem
1393 1029 1465 1094 fue-

344 1145 419 1196 rant
432 1134 649 1223 adgregatae,
672 1132 837 1222 diripiunt
856 1146 889 1198 et
908 1134 1011 1198 multa
1036 1135 1071 1197 in
1090 1135 1155 1199 hoc
1179 1134 1255 1198 loco
1269 1143 1467 1221 perpetrant

344 1235 439 1300 mala.
465 1239 701 1304 Verumtamen
725 1247 878 1300 auctores
905 1229 1068 1302 scelerum
1095 1238 1137 1301 ab
1159 1235 1280 1324 spiritu
1304 1233 1466 1299 inmundo

343 1337 505 1427 correpti,
528 1337 660 1402 infectis
687 1337 844 1402 dentibus
870 1337 1016 1427 propriis
1041 1363 1076 1402 se
1106 1337 1273 1402 morsibus
1296 1337 1464 1416 laceram,

343 1439 523 1529 clamantes
538 1453 637 1529 atque
657 1438 808 1506 dieentes
828 1466 836 1502 :
857 1466 874 1502 a
896 1443 989 1524 Quur
1012 1433 1091 1520 nos,
1115 1453 1240 1528 martyr
1260 1449 1393 1519 sancte,
1419 1437 1466 1502 sio
1482 1462 1510 1500 10

345 1541 494 1608 crucias?
509 1567 527 1604 n
545 1543 641 1608 Sicut
656 1539 691 1605 in
708 1539 795 1606 libro
814 1541 973 1607 virtutum
992 1542 1064 1607 eius
1083 1541 1355 1631 conscripsimus.

388 1723 476 1788 Xlll.
489 1722 713 1787 lnvolautrum
729 1735 873 1788 castrum
886 1725 1000 1788 hostes
1015 1737 1207 1813 expugnant
1222 1724 1467 1813 Proculumque

344 1825 585 1916 presbiterum,
616 1825 672 1913 qui
696 1823 864 1915 quondam
886 1837 1038 1890 sanctum
1066 1825 1283 1910 Quintianum
1311 1825 1467 1892 iniuriam

345 1925 515 2009 intulerat,
532 1929 578 1993 'ab
598 1927 750 1993 altarium
769 1927 910 1993 eclesiae
931 1927 1168 1994 miserabiliter
1186 1929 1404 1996 interficiunt.
1425 1934 1468 1996 Et

345 2033 462 2112 eredo,
479 2032 522 2096 ob
535 2030 627 2115 illius
643 2054 741 2095 causa
757 2030 858 2096 luerit
874 2027 986 2120 ipsuni
1005 2044 1150 2096 castrum
1167 2031 1203 2097 in
1223 2027 1376 2099 manibus
1396 2048 1465 2100 tra·
1480 2056 1511 2095 25

345 2136 451 2201 ditum
470 2133 677 2223 iniquorum,
700 2132 756 2222 qui
781 2133 886 2223 usque
904 2132 961 2198 illa
986 2133 1041 2199 die
1060 2134 1270 2200 defensatum
1296 2149 1358 2202 est.
1384 2139 1467 2204 Nam

346 2259 421 2299 cum
435 2236 550 2299 hostes
565 2235 757 2322 expugnare
768 2255 836 2296 non
853 2231 1003 2320 possint,
1025 2233 1066 2296 ad
1082 2232 1252 2322 propriam
1273 2235 1338 2299 iam
1357 2234 1467 2302 redire

346 2337 581 2428 disponerent,
600 2333 774 2400 audientes
792 2347 903 2399 autem
922 2336 1005 2400 haec
1027 2335 1173 2416 obsessi,
1192 2336 1257 2401 iam
1273 2336 1352 2402 laeti
1368 2350 1468 2427 atque

347 2441 457 2506 securi
481 2438 706 2528 decipiuntur,
739 2436 826 2503 sicut
858 2437 904 2504 ait
940 2439 1142 2527 apostolus:
1168 2440 1248 2504 Cum
1284 2441 1429 2506 dicerint
1455 2467 1467 2508 :

349 2545 457 2608 «Pac
469 2556 500 2606 et
512 2542 685 2620 securitas,
703 2565 721 2602 >r
742 2553 819 2603 tunc
843 2547 1032 2630 repentinus
1050 2547 1255 2631 superveniet
1270 2548 1422 2608 interitus
1434 2545 1455 2608 ¹.
1473 2569 1507 2608 ao

348 2643 501 2733 Denique
521 2666 582 2733 per
604 2641 710 2730 ipsius
732 2642 867 2708 Proculi
893 2642 1072 2732 presbiteri
1101 2656 1252 2732 stuprum
1274 2643 1339 2709 iam
1359 2647 1467 2711 securi

215 2762 269 2811 col.
283 2762 336 2809 tte.
348 2745 464 2837 populi
482 2745 659 2810 traduntur
677 2743 713 2809 in
730 2767 846 2808 manus
868 2743 1027 2812 hostium.
1056 2747 1206 2834 Cumque
1222 2745 1236 2837 [Ι
1251 2759 1380 2813 vastato
1399 2773 1468 2814 cas-

348 2850 429 2916 tello
448 2849 651 2914 ducerentur
666 2845 803 2935 captivi,
826 2848 970 2913 inmanis
994 2847 1121 2937 pluvia,
1143 2873 1227 2937 quae
1247 2872 1309 2937 per
1329 2849 1468 2942 triginta

349 2952 421 3018 dies
435 2952 542 3016 luerat
556 2951 736 3039 abnegata,
753 2948 933 3014 discendit.
953 2952 1046 3016 Tunc
1065 2951 1194 3015 obsessi
1216 2951 1468 3018 Meroliacensis

350 3055 487 3133 castris,
504 3077 546 3118 ne
566 3050 654 3140 capti
675 3049 934 3131 abducerentur,
952 3051 1183 3140 redemptione
1204 3053 1297 3134 data,
1323 3054 1516 3121 liberamus

349 3171 414 3224 tur.
442 3155 510 3222 Sed
533 3156 615 3219 haec
642 3151 775 3242 ignavia
799 3177 913 3219 eorum
935 3152 1052 3234 efficit;
1082 3168 1192 3219 caster
1216 3156 1305 3220 enim
1331 3159 1467 3248 propria

350 3273 467 3326 natura
480 3257 626 3322 munitus
648 3267 729 3319 erat.
752 3257 835 3324 Nam
857 3257 1028 3323 centinum
1050 3271 1106 3322 aut
1125 3283 1164 3323 eo
1185 3259 1327 3348 amplius
1346 3260 1468 3350 pedum

351 3363 391 3427 ab
428 3358 541 3425 exciso
572 3356 713 3426 vallatur
738 3357 880 3448 lapides,
906 3384 973 3425 non
1004 3383 1174 3426 murorum
1202 3360 1405 3442 structione,
1433 3363 1469 3427 in

352 3464 462 3529 medio
484 3474 593 3527 autem
616 3458 746 3550 ingenti
768 3472 921 3553 stagnum
944 3486 1048 3552 aquae
1068 3462 1199 3551 liquore
1223 3464 1467 3553 gratissimum,

352 3569 393 3632 ab
413 3567 476 3630 alia
496 3588 575 3631 vero
596 3577 690 3658 parte
712 3562 820 3631 fontes
842 3565 1020 3646 uberrimi,
1046 3563 1092 3628 ita
1118 3576 1155 3628 ut
1179 3589 1240 3653 per
1256 3577 1360 3630 totam
1381 3568 1469 3633 rivus
1483 3595 1516 3634 sc

351 3667 475 3734 defluat
492 3691 596 3758 aquae
615 3669 718 3736 vivae.
742 3670 811 3762 Sed
828 3668 863 3736 in
880 3681 947 3734 tam
966 3668 1093 3759 grande
1114 3667 1222 3758 spatio
1247 3669 1388 3735 munitio
1406 3671 1470 3737 ista

351 3770 567 3852 distenditur,
590 3785 627 3837 ut
643 3787 815 3838 manentes
836 3771 921 3838 infra
937 3795 1106 3837 murorum
1123 3783 1217 3859 septa
1234 3783 1356 3837 terram
1370 3798 1470 3840 exco-

351 3877 422 3970 lant
436 3877 615 3967 frugesque
629 3876 664 3940 in
679 3876 943 3943 habundantiam
958 3876 1136 3966 collegaut.
1155 3874 1259 3940 Huius
1275 3878 1470 3942 munitionis

352 3978 513 4044 tutamine
535 3977 612 4043 elati
632 3979 689 4068 qui
709 3979 838 4045 obsessi
856 3993 970 4061 erant,
991 3978 1118 4071 egressi
1139 3980 1242 4060 foras,
1264 3992 1320 4060 ut,
1344 3979 1470 4069 aliquid

353 4095 521 4171 arreptum
532 4082 688 4172 praedae,
706 4082 826 4147 iterum
844 4107 878 4147 se
890 4082 1114 4149 intraeastelli
1131 4081 1469 4172 septareconderent,
1486 4111 1515 4150 ss

383 4303 405 4352 l.
425 4303 446 4352 l.
462 4301 553 4351 Thess.
567 4305 593 4362 5,
609 4303 631 4351 3.
