3220 5158
369 453 399 500 58
651 448 808 512 ennoean
825 448 1032 500 TURONENSIS
1049 450 1200 512 EPISCOPI

372 567 439 633 Sed
460 566 520 661 ille
535 565 640 680 magis
667 565 730 630 coli
749 566 866 643 debet,
889 567 951 656 qni
974 568 1100 633 caelum
1125 579 1160 632 et
1183 580 1326 646 terram,
1347 577 1484 630 marcet

348 669 481 742 omnia
498 693 581 759 qnae
603 669 638 734 in
658 668 705 734 cis
725 683 802 734 sunt
820 672 929 758 verbo
948 694 987 735 ex
1005 694 1073 735 non
1096 657 1262 734 stantibus
1282 668 1481 758 procreavit,

245 775 299 822 Fot
320 777 357 822 25
370 795 425 859 qur
418 759 549 835 solem
566 771 677 837 lucere
693 771 772 848 secit
789 785 822 837 et
842 746 968 850 caelnm
989 771 1095 837 stellis
1115 771 1244 836 ornavit
1248 771 1287 862 ,ll
1304 771 1360 861 qui
1381 795 1482 860 aquas

370 872 563 988 reptilibus,
584 886 688 948 terras
701 868 950 954 animantibus,
957 898 1045 938 aera
1055 873 1254 939 volantibus
1272 871 1480 987 adimplevit,

369 1000 462 1044 curus
478 989 559 1041 nutu
579 967 700 1048 terras
686 965 853 1070 frugibus,
873 976 981 1082 pomis
1002 978 1151 1057 arbores,
1169 1000 1240 1042 uvis
1256 999 1364 1040 vrnrae
1382 975 1482 1040 deco
1498 998 1511 1036 5

298 1167 300 1174 Α
368 1093 495 1160 rantur,
518 1078 611 1145 euius
641 1105 740 1145 manu
764 1105 870 1171 genus
897 1073 1098 1144 humanum
1112 1092 1258 1145 creatum
1284 1090 1353 1158 est,
1389 1076 1483 1142 cuius

282 1181 296 1205 ²
368 1179 572 1298 largitione
564 1207 635 1271 ipsa
655 1182 712 1247 illa
730 1196 880 1248 creatura
898 1179 1006 1248 omnis
1026 1181 1161 1247 homine
1180 1206 1240 1246 suo
1249 1205 1373 1269 ,quern
1391 1203 1482 1245 orea-

369 1283 432 1366 vit,
456 1299 490 1362 et
513 1285 711 1380 obsequio
697 1298 730 1351 et
754 1284 918 1350 beneficio
945 1283 1132 1349 famulatur.
1162 1311 1178 1346 u
1206 1283 1288 1350 Sed
1307 1305 1381 1348 oum
1401 1283 1483 1346 haec

369 1381 483 1480 r'egiria
497 1387 640 1468 diceret,
651 1388 841 1454 nullatenus
859 1388 899 1452 ad
911 1386 1115 1454 credendum
1127 1385 1214 1477 regis
1228 1385 1357 1450 animus
1373 1406 1484 1449 move-

369 1493 478 1570 batur,
503 1484 561 1590 sed
582 1488 747 1558 dicebat:
775 1517 791 1554 n
815 1494 974 1556 Deorum
987 1491 1177 1554 nostrorum
1194 1487 1344 1554 iussione
1364 1498 1529 1552 cunctare

370 1607 524 1660 creantur
539 1586 576 1674 ac
585 1595 776 1709 prodeunt,
794 1599 907 1661 Deus
902 1618 980 1660 vero
998 1605 1108 1686 vester
1120 1592 1204 1658 nihil
1217 1615 1317 1683 posse
1328 1589 1485 1655 manifes-

369 1709 469 1777 tatur,
496 1709 530 1762 et
546 1697 636 1792 quod
658 1696 762 1812 magis
783 1710 850 1776 est,
870 1722 933 1762 nec
950 1696 992 1760 de
1015 1695 1153 1760 deorum
1178 1719 1302 1786 genere
1318 1718 1391 1758 esse
1406 1717 1485 1781 pro

370 1802 476 1866 batur.
500 1827 516 1862 n
538 1802 668 1865 Interea
685 1799 802 1890 regina
820 1798 928 1865 fidelis
946 1797 1050 1862 filium
1068 1799 1108 1863 ad
1124 1797 1326 1888 baptismum
1337 1795 1484 1875 exhibet

370 1900 532 1966 adornare
548 1899 722 1966 ecclesiam
741 1899 828 1966 velis
838 1899 1010 1990 praecepit
1027 1914 1125 1989 atque
1148 1911 1220 1964 curt
1222 1899 1301 1980 inis,
1319 1922 1385 2011 quo
1405 1896 1488 1962 faci·

370 2003 433 2068 lius
445 1979 495 2068 vel
515 2004 579 2069 hoc
597 2002 745 2069 misterio
762 2015 999 2093 provocaretur
1017 2003 1057 2067 ad
1077 2003 1300 2082 credendum,
1321 2023 1377 2089 qur
1369 1997 1487 2064 lleeti
1503 2023 1533 2063 15

370 2099 625 2196 praedicatione
640 2130 717 2200 non.
738 2119 879 2196 poterat.
909 2106 1101 2195 Baptizatus
1128 2117 1237 2169 autem
1260 2127 1355 2193 puer,
1387 2122 1487 2192 quern

371 2210 578 2298 lngomerem
593 2207 838 2287 vocitaverunt,
860 2207 895 2273 in
914 2207 1014 2297 ipsis,
1036 2207 1121 2272 siout
1135 2219 1350 2297 regeneratus
1365 2206 1485 2282 fuerat,

371 2309 454 2374 albis
475 2309 570 2375 obiit.
590 2313 662 2394 Qua
678 2311 719 2376 de
734 2335 831 2377 cansa
850 2323 1034 2378 commotus
1054 2310 1131 2374 felle
1152 2334 1224 2388 rex,
1247 2332 1314 2373 non
1339 2305 1488 2397 segniter

370 2413 566 2502 increpabat
583 2413 714 2504 regina,
733 2413 849 2480 dicens
868 2441 874 2479 :
895 2441 911 2477 n
929 2413 964 2480 Si
981 2413 1015 2478 in
1031 2411 1165 2477 nomine
1181 2410 1319 2476 deorum
1338 2433 1487 2474 meorum

369 2533 454 2605 puer
470 2513 587 2580 luisset
606 2514 760 2596 decatus,
784 2515 921 2581 vixisset
939 2515 1070 2604 utique3
1096 2538 1185 2578 nnnc
1206 2525 1332 2592 autem,
1355 2510 1432 2600 quia
1451 2510 1487 2574 in
1502 2537 1534 2576 ao

370 2616 504 2682 nomine
518 2616 580 2682 Dei
592 2617 693 2682 vestri
703 2617 889 2706 baptizatus
900 2631 962 2697 est,
973 2617 1082 2682 vivere
1097 2617 1233 2681 omnino
1249 2640 1317 2679 non
1332 2611 1451 2702 potuit.
1469 2640 1487 2675 »

370 2718 421 2784 Ad
446 2709 532 2784 'haee
559 2719 674 2810 regina
705 2742 714 2789 :
746 2746 763 2782 «
795 2723 883 2800 Deo,
915 2708 1041 2808 idquit,
1070 2716 1312 2807 omnipotenti,
1346 2717 1488 2781 creatori

371 2821 518 2887 omnium
543 2820 667 2912 gratias
692 2817 772 2912 ago,
800 2821 856 2911 qni
883 2847 1028 2886 menon
1060 2843 1298 2910 usquequaque
1330 2817 1490 2884 iudicavit

370 2923 559 3014 indignam,
583 2936 619 2988 ut
643 2924 799 2989 deutero
829 2949 902 2989 meo
926 2924 1041 3014 genito
1072 2947 1177 3014 regno
1201 2948 1260 2988 suo
1293 2920 1490 3012 dignaretur

371 3025 510 3091 adscire.
533 3025 617 3091 Mihi
638 3039 745 3092 autem
766 3027 881 3091 dolore
900 3025 999 3092 huius
1020 3049 1137 3092 causae
1155 3024 1283 3091 animus
1304 3047 1371 3120 non
1389 3023 1487 3088 attin·
1501 3050 1532 3089 aa

370 3128 472 3218 gitur,
492 3128 569 3218 quia
585 3128 671 3208 seio,
693 3128 728 3193 in
745 3127 828 3193 albis
844 3130 885 3192 ab
901 3131 965 3194 hoc
980 3130 1105 3196 mundo
1124 3142 1259 3193 vocatus
1282 3125 1343 3193 Dei
1361 3124 1488 3191 obtuti-

372 3233 434 3296 bus
451 3231 691 3298 nutriendus.»
712 3234 792 3296 Post
805 3231 895 3296 huno
912 3256 990 3296 vero
1005 3231 1122 3322 genuit
1138 3229 1236 3314 aliurn
1253 3228 1370 3310 filium,
1388 3253 1488 3318 quem

373 3332 576 3421 baptizatum
603 3332 859 3400 Chlodomerem
887 3333 1033 3413 vocavit3
1065 3345 1098 3398 et
1127 3331 1182 3398 hio
1210 3356 1284 3396 cum
1316 3343 1489 3422 aegrotare

373 3435 556 3525 coepisset,
577 3436 711 3503 dicebat
728 3460 786 3501 rex
809 3463 815 3500 :
838 3463 855 3499 «
876 3439 950 3503 Non
969 3449 1080 3525 potest
1099 3435 1214 3516 alliud,
1234 3433 1298 3498 nisi
1319 3447 1353 3498 et
1367 3435 1409 3500 de
1423 3437 1488 3500 hoc

256 3556 309 3604 col.
322 3556 359 3604 82.
373 3539 460 3605 sicut
478 3552 512 3606 et
530 3541 571 3605 de
592 3541 692 3605 fratre
712 3537 783 3604 eius
797 3539 989 3630 contingat,
1009 3551 1046 3604 ut
1064 3537 1250 3628 baptizatus
1269 3537 1304 3602 in
1322 3535 1334 3628 ll
1353 3536 1487 3602 nomine
1502 3563 1532 3602 ao

373 3640 498 3709 Christi
520 3641 621 3707 vestri
647 3653 808 3731 protenus
843 3641 1013 3708 moriatur.
1055 3669 1072 3704 »
1109 3641 1176 3708 Sed
1210 3653 1325 3706 orante
1362 3652 1485 3719 matre,

373 3742 518 3809 Domino
532 3745 670 3810 iubente
686 3743 864 3809 convaluit.

417 3929 492 3992 XXl
510 3925 586 4016 (30).
607 3925 735 4018 Regina
749 3951 830 3997 vero¹
847 3951 914 3991 non
933 3927 1084 3991 cessabat
1100 3924 1306 4015 praedicare,
1323 3937 1359 3992 ut
1382 3929 1488 3992 Deum

372 4053 486 4094 verum
502 4042 722 4119 cognosceret
737 4042 769 4094 et
793 4027 882 4094 idola
901 4029 1104 4121 neglegeret.
1126 4029 1196 4095 Sed
1216 4029 1309 4124 nullo
1328 4029 1426 4094 modo
1444 4030 1485 4094 ad

373 4133 455 4198 haec
472 4131 640 4198 credenda
653 4143 784 4221 poterat
799 4131 1016 4213 commoveri,
1039 4129 1146 4198 donec
1157 4132 1291 4197 tandem
1309 4130 1488 4221 aliquando
1502 4158 1532 4197 as

373 4234 499 4299 bellum
519 4248 634 4300 eontra
648 4234 850 4301 Alamannos
871 4247 1145 4316 commoveretur,
1168 4234 1286 4325 inquo
1306 4235 1487 4325 conpulsus

374 4348 425 4400 est
443 4336 602 4403 confiteri
626 4337 841 4419 necessitate,
868 4338 957 4428 quod
982 4337 1076 4426 prius
1104 4339 1271 4416 volontate
1296 4349 1483 4428 negaverat.
