3220 5158
405 455 569 506 HISTORIAE
587 454 788 506 FRANCORUM
805 455 902 508 LIBER
918 457 950 506 11.
1213 465 1243 509 69

121 573 338 640 reddebatur.
361 600 378 636 »
397 576 469 656 Qua
486 572 542 637 ille
558 571 741 661 cupiditate
762 574 936 656 seductus,
961 588 1089 665 patrem
1108 578 1243 645 molitur

121 676 289 744 occidere.
309 677 461 765 Cumque
474 674 532 740 ille
543 699 698 766 egressus
709 677 751 743 de
763 676 902 744 Colonia
914 677 1058 760 civitate,
1072 692 1242 750 transacto

121 782 259 861 Rheno,
276 803 338 869 per
356 779 539 846 Buconiam
555 779 669 847 silvam
686 781 854 846 ambulare
870 781 1081 871 disponeret,
1102 783 1241 849 meridie

119 887 157 952 iu
174 881 323 948 tentoria
340 905 398 946 sua
415 881 651 963 obdormiens,
671 883 820 948 inmissis
842 907 942 973 super
960 908 1034 949 eum
1059 885 1147 952 filius
1164 911 1241 975 per-

89 986 318 1054 soussoribus
341 1008 415 1050 eum
449 982 574 1050 ibidem
599 985 782 1066 interfecit,
801 999 969 1076 tamquam
989 1011 1128 1078 regnum
1151 989 1241 1055 illius

119 1111 351 1182 possessurus.
375 1087 443 1153 Sed
463 1085 588 1153 iudicio
608 1087 670 1152 Dei
690 1087 725 1153 in
744 1088 888 1171 foveam,
911 1114 1009 1179 quam
1029 1091 1115 1181 patri
1138 1093 1240 1159 hosti-

118 1194 199 1259 liter
213 1191 314 1272 lodit,
334 1189 484 1256 incessit.
505 1191 599 1255 Misit
619 1189 722 1281 igitur
742 1193 884 1257 nuncius
905 1193 946 1258 ad
967 1193 1239 1262 Chlodoveohum

117 1320 234 1388 regem
255 1294 296 1359 de
315 1294 420 1384 patris
438 1293 532 1358 obitu
553 1292 751 1359 nunciantes
771 1307 870 1385 atque
891 1294 1042 1361 dicentes
1071 1323 1077 1361 :
1103 1323 1120 1360 a
1141 1300 1240 1364 Pater

118 1423 213 1464 meus
230 1409 378 1463 mortuus
398 1391 463 1478 est,
482 1407 515 1460 et
532 1419 594 1486 ego
615 1397 790 1461 thesauros
815 1421 889 1462 cum
911 1422 1016 1488 regno
1040 1400 1110 1464 eius
1135 1423 1238 1488 penes

73 1531 99 1568 ro
118 1527 174 1568 me
187 1502 307 1567 habeo.
326 1497 469 1590 Dirigite
483 1522 541 1563 vos
562 1499 603 1564 ad
624 1523 693 1581 me,
715 1513 751 1565 ut
771 1524 911 1590 eaquae
930 1501 992 1566 tibi
1013 1502 1055 1568 de
1072 1502 1238 1567 thesauris

117 1605 210 1671 illius
228 1604 363 1695 placent
377 1603 464 1667 bona
481 1601 651 1666 volontate
664 1603 899 1668 transmittam.
918 1630 935 1667 a
956 1607 998 1670 Et
1011 1603 1068 1671 ille
1092 1631 1097 1668 ι
1120 1633 1136 1668 «
1159 1608 1237 1671 Gra·

115 1708 201 1788 tias,
220 1707 348 1796 inquit,
377 1717 452 1770 tuae
478 1703 649 1770 volontate
671 1729 734 1796 ago
764 1719 798 1770 et
826 1730 926 1797 rogo,
958 1720 994 1772 ut
1025 1708 1237 1773 venientibus

117 1809 244 1876 nostris
275 1807 472 1900 patefacias,
512 1820 632 1873 cuncta
666 1809 740 1898 ipse
775 1833 1004 1899 possessurus,
1049 1835 1066 1871 »
1108 1809 1237 1894 Quibus

115 1912 331 1980 venientibus
359 1912 423 1976 iste
449 1909 536 2000 patri
558 1912 733 1976 thesauros
758 1911 886 2002 pandit,
919 1912 982 1996 Qui
1005 1913 1083 1978 dum
1107 1913 1237 1978 diversa

70 2045 97 2083 15
114 2015 344 2108 respicerent,
371 2012 441 2078 ait:
469 2040 487 2076 ι(
512 2016 550 2078 ln
569 2015 655 2080 hano
685 2014 877 2080 arcellulam
905 2015 1022 2081 solitus
1050 2029 1120 2081 erat
1143 2029 1239 2106 pater

115 2145 210 2186 meus
230 2119 428 2185 numismata
455 2117 526 2180 auri
550 2141 742 2208 congerere.
768 2144 785 2180 »
806 2158 850 2168 -
870 2143 886 2180 «
908 2120 1059 2199 Inmitte,
1080 2121 1239 2209 inquiunt

113 2223 183 2303 illi,
211 2245 344 2286 manum
366 2232 456 2285 tuam
480 2243 586 2310 usque
609 2220 650 2284 ad
672 2221 810 2286 fundum
831 2234 865 2286 et
884 2234 1003 2286 cuncta
1023 2223 1181 2310 reperias.
1195 2250 1211 2286 »
1224 2222 1238 2315 Η

114 2325 215 2411 Quod
235 2348 310 2389 cum
326 2321 461 2387 fecisset
476 2334 510 2386 et
522 2335 611 2388 esset
622 2322 718 2388 valde
730 2323 894 2405 declinus,
905 2349 991 2389 unus
1000 2324 1125 2391 elevata
1137 2349 1235 2391 manu
1247 2335 1301 2384 col.
1315 2338 1354 2384 97.

112 2429 292 2519 bipinnem
325 2426 518 2490 caerebrum
551 2426 622 2490 eius
646 2424 770 2505 inlisit,
802 2426 907 2491 etsie
932 2427 1021 2516 quod
1046 2427 1080 2491 in
1106 2442 1234 2517 patrem

66 2562 96 2599 ’.νο
112 2545 232 2625 egerat
251 2527 412 2620 indignus
427 2526 579 2593 incurrit.
600 2528 697 2611 Quod
714 2527 852 2594 audiens
864 2529 1132 2612 Chlodovoohus‚
1145 2531 1234 2620 quod

111 2637 246 2704 scilicet
261 2633 457 2700 interfectus
475 2644 563 2698 esset
578 2631 767 2723 sigibertus
786 2634 838 2719 vel
853 2633 941 2698 filius
959 2635 1049 2714 eius,
1067 2635 1102 2700 in
1116 2625 1234 2701 eodem

110 2743 189 2806 Ioco
220 2737 419 2816 advenienS,
452 2733 466 2826 ΙΙ
498 2748 659 2800 convocat
691 2759 823 2800 omnem
857 2736 1034 2826 populum,
1069 2736 1185 2802 dicens
1224 2747 1351 2802 :Polou

112 2871 130 2906 a
154 2842 289 2922 Audite,
310 2840 391 2929 quid
411 2837 601 2928 contigerit.
629 2840 716 2902 Dum
737 2864 817 2930 ego,
843 2839 969 2929 inquit,
995 2865 1056 2930 per
1079 2840 1232 2906 Scaldem

111 2944 249 3012 fluvium
266 2943 473 3033 navigarem,
492 2940 729 3022 Chloderious,
751 2941 839 3007 filius
855 2941 1003 3031 parentis
1015 2942 1092 3022 mei,
1105 2955 1233 3032 patrem

64 3077 94 3115 25
111 3073 209 3114 suum
229 3046 481 3134 insequebatur,
498 3044 599 3108 verbo
617 3044 744 3124 serens,
762 3044 852 3133 quod
866 3067 928 3135 ego
942 3069 1016 3109 oum
1036 3044 1234 3112 interfecere

108 3149 235 3216 vellim.
260 3150 409 3236 Cumque
425 3145 481 3210 ille
505 3170 566 3236 per
584 3144 769 3236 Bugoniam
791 3145 906 3210 silvam
923 3145 1064 3238 fugirct,
1085 3146 1233 3213 inmissis

110 3278 213 3343 super
233 3275 308 3318 eum
325 3249 532 3330 latruncolis,
550 3249 648 3313 morti
659 3247 798 3314 tradidit
813 3262 846 3313 et
864 3247 999 3314 occidit.
1021 3249 1087 3339 lpsi
1100 3275 1233 3341 quoque

109 3357 190 3421 dum
205 3356 381 3421 thesauros
398 3353 468 3418 eius
485 3352 608 3441 aperit,
632 3375 649 3414 a
674 3352 870 3441 nescioquo
891 3377 1070 3442 percussus
1092 3352 1229 3419 interiit.

110 3458 179 3524 Sed
196 3459 232 3523 in
251 3458 305 3521 his
321 3480 384 3545 ego
405 3478 615 3544 nequaquam
636 3455 791 3518 conscius
808 3478 890 3519 sum.
905 3457 974 3521 Neo
995 3454 1082 3520 enim
1096 3481 1233 3545 possum

63 3589 93 3626 ao
109 3559 308 3652 sauguinem
323 3571 498 3648 parentum
514 3580 662 3621 meorum
677 3555 1049 3645 effundere,quodf1eri
1064 3559 1155 3623 nefas
1168 3572 1229 3623 est.

112 3663 180 3730 Sed
198 3661 276 3753 quia
296 3663 379 3726 haec
397 3673 580 3726 evenerunt
590 3661 601 3738 ,'
614 3657 791 3723 consilium
805 3658 899 3723 vobis
917 3662 1074 3749 praebeo,
1095 3662 1121 3725 si
1139 3661 1232 3726 vide-

110 3779 164 3831 tur
180 3777 375 3855 acceptum:
394 3763 626 3828 convertimini
645 3762 686 3826 ad
703 3786 767 3842 me,
780 3774 818 3826 ut
838 3764 899 3827 sub
913 3788 1019 3829 meam
1035 3765 1107 3828 sitis
1117 3764 1232 3830 delen-

110 3868 250 3934 sionem.
273 3894 290 3930 a
301 3866 343 3932 At
359 3865 415 3932 ille
425 3868 489 3931 ista
506 3865 692 3945 audientes,
704 3865 902 3954 plaudentes
918 3867 1118 3955 tamparmis
1135 3892 1233 3956 quam

109 3970 266 4052 vocibus,
283 3995 358 4036 eum
376 3970 493 4058 clepeo
512 3981 661 4034 evectum
684 3993 784 4057 super
812 3993 846 4033 se
876 3993 989 4060 rogem
1010 3968 1229 4033 constituunt.

64 4101 94 4142 ss
111 4077 330 4166 Regnumquc
347 4072 508 4164 Sigiberti
518 4084 691 4161 acceptum
707 4097 781 4136 cum
797 4073 975 4150 thesauris,
992 4071 1083 4160 ipsos
1100 4095 1233 4160 quoquc

113 4200 191 4241 suae
203 4174 329 4241 dicioni
346 4175 496 4241 adscivit.
515 4175 754 4241 Prosternobat
765 4173 852 4239 enim
869 4173 992 4238 cotidie
1013 4176 1103 4238 Deus
1118 4174 1233 4238 hostes

117 4277 188 4344 eius
213 4279 275 4344 sub
298 4301 396 4343 manu
427 4278 532 4367 ipsius
561 4290 594 4342 et
618 4277 763 4368 augebat
786 4299 925 4368 regnum
953 4276 1040 4355 eius,
1076 4299 1114 4340 eo
1144 4276 1234 4364 quod
