3256 5144
465 485 629 532 HISTORIAE
647 483 848 532 FRANCORUM
865 485 961 532 LIBER
979 486 1008 532 V.
1252 487 1290 531 lar

172 615 187 646 a
198 598 350 662 supradicto
360 599 452 646 morbo
464 599 619 662 corripitur;
632 599 676 662 qui
694 598 775 646 nimia
791 605 897 646 exustus
915 600 998 654 febre,
1019 600 1163 654 clamabat,
1182 599 1291 646 dicens:

173 661 259 718 allen,
274 661 337 708 heu!
355 661 395 708 Ab
408 661 510 722 Eraclia
529 660 642 708 antistiti
656 676 758 716 exuror,
774 661 807 708 ab
823 661 870 707 illo
887 662 997 717 crucior,
1012 661 1104 708 abillo
1117 659 1150 708 ad
1166 661 1293 708 indiciam

171 739 258 770 vocor.
270 723 406 785 Cognosce
419 723 533 778 incinus3
546 723 709 778 reminiscor,
723 737 764 770 me
783 723 879 770 iniuste
894 723 1004 771 iniurias
1021 723 1142 770 intulisse
1160 723 1290 786 pontilici;

171 791 282 833 mortem
292 786 426 848 deprecor,
440 801 472 832 ne
490 785 588 832 dlutius
606 785 706 832 crucier
723 785 772 832 hoc
789 791 927 833 tormento.
948 803 959 832 n
978 786 1047 833 Haec
1064 802 1124 832 cum
1142 786 1255 832 maxima
1265 786 1292 832 in
1303 795 1357 843 001,
1370 797 1423 844 247,

143 863 157 900 5
172 847 242 894 febre
253 851 264 908 ΙΙ
275 848 409 901 clamaret,
422 847 556 894 deficiente
568 847 662 893 robore
675 847 802 909 corporis,
816 847 947 895 infelicem
957 848 1073 895 animam
1089 848 1168 902 fudit,
1183 847 1292 895 indubia

171 909 320 972 relinquens
332 909 453 972 vestime,
467 908 516 956 hoe
529 908 552 955 ei
565 909 598 956 ad
615 904 742 956 ultionem
753 908 823 956 beati
841 909 966 956 antistitis
980 910 1107 958 evenisso.
1121 911 1187 956 Nam
1202 910 1292 956 exani-

171 988 239 1020 mem
250 987 346 1035 corpus
354 972 391 1018 ita
403 971 566 1034 nigredinem
578 969 659 1024 duxit,
671 977 700 1017 ut
707 977 814 1034 putares
827 987 887 1017 eum
899 971 992 1034 prunis
1004 972 1200 1034 superpositum
1211 971 1292 1019 luisse

170 1034 344 1081 combustum.
353 1033 424 1096 Ergo
434 1048 524 1080 omnes
534 1033 598 1080 haec
612 1033 811 1095 obstupescunt,
826 1031 989 1080 admirentur
1001 1041 1026 1080 et
1039 1040 1169 1090 metuant,
1181 1050 1213 1080 ne
1224 1034 1292 1081 infe-

171 1102 230 1144 rant
242 1095 354 1143 iniurias
370 1095 561 1142 sacerdotibus!
573 1094 635 1158 qula
647 1094 717 1142 ultor
728 1101 768 1142 est
781 1095 905 1142 Dominus
919 1111 1055 1142 servorum
1068 1112 1176 1150 suorum
1187 1111 1293 1159 speran-

132 1171 157 1209 1ο
171 1159 241 1206 tibus
252 1157 279 1205 in
292 1173 328 1205 se.

199 1301 236 1346 37.
253 1299 307 1345 Hoc
318 1304 437 1360 tempore
450 1302 475 1344 et
484 1297 576 1344 beatus
587 1295 714 1343 Martinus
731 1295 898 1344 Galliciensis
916 1296 1055 1360 episcopus
1069 1297 1146 1352 obiit,
1166 1313 1292 1404 magnum

168 1361 266 1428 populo
274 1360 315 1407 illi
328 1361 425 1407 iaciens
438 1360 582 1422 planetum.
594 1359 660 1405 Nam
672 1357 714 1404 hie
728 1358 877 1405 Pannoniae
889 1364 962 1406 ortas
977 1359 1037 1416 tuin
1050 1365 1075 1406 et
1086 1359 1178 1406 exinde
1188 1375 1203 1406 a
1231 1358 1292 1406 visi-

167 1422 248 1470 tanda
256 1423 314 1470 loca
329 1429 419 1470 sancta
429 1421 455 1467 in
466 1421 571 1469 Oriente
581 1435 740 1483 properans,
752 1419 779 1467 in
791 1425 894 1467 tantum
904 1436 931 1470 se
943 1421 1039 1469 litteris
1056 1421 1163 1476 imbuit,
1177 1427 1207 1469 ut
1225 1422 1291 1469 nulli

169 1484 298 1532 secundus
313 1485 368 1531 suis
381 1483 544 1545 temporibus
557 1483 707 1530 haberetur.
728 1481 825 1530 Exinde
843 1481 979 1531 Gallitiam
992 1483 1075 1539 verrit,
1090 1484 1135 1531 ubi
1149 1499 1209 1530 cum
1221 1483 1292 1531 beati

128 1559 154 1598 15
169 1547 273 1594 Martini
285 1546 412 1609 reliquiae
424 1551 601 1608 portarentur,
615 1544 755 1607 episcopus
763 1544 908 1592 ordinatur.
921 1545 950 1608 ln
960 1562 1011 1608 qao
1021 1545 1166 1594 sacerdotio
1174 1546 1291 1609 impletis

188 1609 231 1656 lus
244 1608 330 1656 minus
342 1608 452 1670 triginta
463 1607 552 1663 annis,
566 1607 660 1671 plenus
673 1605 815 1654 virtutibus
829 1607 955 1669 migravit
964 1607 997 1656 ad
1011 1608 1157 1656 Dominum.
1174 1608 1293 1655 Versicu-

170 1625 218 1728 los,
232 1671 277 1734 qui
291 1686 370 1735 super
383 1669 480 1717 ostium
497 1675 558 1716 sunt
571 1684 586 1716 a
598 1675 674 1731 parte
686 1667 831 1716 meridIana
841 1669 867 1717 in
880 1669 991 1717 basilica
1002 1670 1084 1717 sancti
1095 1670 1214 1728 Martini,
1235 1669 1292 1732 ipse

170 1733 326 1796 composuit.

210 1917 347 1982 XXVIII
382 1913 459 2002 (38).
490 1915 612 2002 Magna
638 1937 677 1978 eo
707 1937 794 1976 anno
825 1912 861 1977 in
895 1912 1064 2001 Hispaniis
1099 1913 1291 1980 christianis

124 2040 152 2078 ao
167 2015 453 2104 persecutio'fuit
479 2013 641 2104 multique
669 2013 777 2078 exiliis
800 2014 888 2093 dati,
916 2013 1130 2080 facultatibus
1156 2015 1289 2103 pricati,

166 2118 250 2182 fame
280 2117 431 2194 decocti,
470 2140 603 2181 carcere
637 2113 834 2204 mancipati,
867 2115 1064 2182 verberibus
1097 2116 1218 2182 adlecti
1254 2141 1291 2182 ac

165 2221 306 2287 diversis
343 2220 518 2310 suppliciis
556 2219 714 2284 trucidati
752 2232 839 2284 sunt.
877 2221 986 2307 Caput
1019 2245 1153 2310 quoque
1192 2223 1291 2289 huius

165 2322 302 2389 sceleris
336 2321 513 2389 Goisuinta
542 2321 616 2399 fuit,
652 2344 752 2409 quam
783 2332 860 2408 post
888 2320 1134 2386 Athanachilde
1165 2320 1178 2412 ΙΙ
1202 2324 1357 2412 regiona,
1372 2352 1409 2399 75.

165 2423 345 2489 conubium
366 2448 423 2488 rex
443 2422 658 2512 Leuvigildus
683 2434 876 2510 acceperat;
908 2423 967 2486 sed
995 2445 1080 2511 quae
1100 2421 1162 2486 Dei
1187 2424 1290 2488 servis

120 2539 276 2591 sanctam
304 2524 503 2590 humilitatis
527 2523 712 2602 inflixerat,
747 2536 973 2612 prosequente
997 2522 1126 2588 ultione
1155 2523 1287 2605 divina,

163 2627 236 2716 ipsa
266 2650 400 2718 quoque
437 2639 489 2690 est
519 2625 676 2690 omnibus
713 2625 848 2716 populis
879 2625 965 2691 facta
999 2619 1169 2692 notabilis.
1206 2629 1288 2693 Nam

163 2755 266 2794 unum
286 2729 419 2794 oculum
441 2729 528 2793 nubs
553 2727 566 2818 ll
593 2727 667 2792 alba
692 2739 893 2816 contegens,
924 2727 1053 2808 lumen,
1081 2728 1354 2816 quodmensca,
1369 2757 1422 2804 248.

163 2855 230 2897 non
245 2832 407 2910 habebat,
427 2829 559 2918 pepulit
574 2853 591 2893 a
609 2829 816 2917 palphebris.
841 2831 944 2893 Erant
962 2841 1072 2894 autem
1093 2830 1287 2921 Leuvigildo

163 2935 234 3024 regi
252 2958 293 2998 ex
309 2932 371 2997 alia
386 2952 489 2998 uxore
505 2933 572 2996 duo
593 2930 665 3011 filii,
688 2955 830 3020 quorum
847 2931 959 2995 senior
978 2931 1160 3021 Sygiberti,
1176 2931 1288 2997 iunior

119 3059 146 3098 ao
162 3033 345 3122 Chilperici
365 3035 455 3124 regis
474 3032 574 3097 filiam
600 3031 864 3120 disponsaverut.
896 3032 963 3097 Sed
990 3032 1165 3120 ingundis,
1188 3034 1285 3124 Sygi-

162 3136 272 3201 berthi
312 3137 401 3225 regis
439 3135 523 3216 filia,
561 3158 636 3199 cum
679 3158 798 3224 magno
839 3145 999 3221 apparatu
1039 3132 1073 3196 in
1114 3135 1285 3223 Hispaniis

161 3239 307 3318 directa,
326 3240 367 3303 ab
390 3237 460 3302 avia
481 3238 658 3302 Goisuinta
682 3261 756 3300 eum
783 3235 906 3326 gaudio
939 3259 1060 3326 magno
1089 3235 1281 3324 suscipitur.

161 3345 266 3424 Quam
285 3364 347 3405 nec
364 3363 461 3430 passa
480 3351 533 3403 est
549 3339 582 3404 in
603 3337 775 3428 relegione
791 3338 964 3406 catholeca
982 3336 1041 3402 diu
1059 3360 1281 3418 commorare3

161 3443 219 3508 sed
255 3455 293 3508 ut
319 3441 583 3529 rebaptizaretur
616 3441 650 3505 in
678 3439 818 3506 Arriaca
844 3439 975 3518 heresi,
1011 3439 1144 3505 blandis
1171 3441 1284 3530 coepit

116 3569 143 3608 ss
160 3543 370 3610 sermonibus
407 3542 558 3608 inlicere.
599 3543 667 3608 Sed
696 3542 752 3606 illa
782 3540 1136 3622 viriliterreluctans,
1170 3543 1282 3631 coepit

157 3647 270 3712 dicere
291 3672 297 3709 :
320 3671 337 3708 «
363 3644 495 3710 Sufficit
517 3643 596 3708 satis
622 3668 674 3708 me
704 3646 744 3708 ab
769 3642 924 3732 originali
949 3657 1087 3732 peccato
1114 3644 1281 3733 baptismo

159 3748 301 3812 salutare
318 3746 420 3810 semel
445 3745 557 3810 abluta
581 3743 683 3810 fuisse
709 3757 742 3809 et
769 3758 917 3810 sanctam
946 3745 1143 3812 Trinitatem
1161 3746 1196 3810 in
1215 3771 1281 3812 una

158 3849 357 3938 aequalitate
376 3872 449 3912 esse
465 3847 663 3912 confessam.
684 3850 843 3912 Haecine
865 3849 1001 3912 credere
1023 3874 1063 3914 ex
1089 3851 1190 3914 corde
1208 3861 1280 3914 toto

158 3951 321 4016 confiteor
338 3973 400 4014 nec
421 3972 577 4036 umquam
597 3949 638 4012 ab
655 3950 718 4013 hac
742 3948 808 4013 fide
829 3950 885 4012 ibo
904 3962 1096 4015 retrorsum.
1121 3954 1209 4022 Haec
1225 3950 1281 4015 illa

115 4050 310 4127 inaudiens,
329 4051 523 4115 iracundiae
543 4049 655 4114 furore
673 4074 868 4114 succensam
885 4053 907 4128 ¹,
936 4053 1200 4140 adpraehensam
1221 4077 1281 4142 per

157 4177 285 4219 comam
307 4151 426 4240 capitis
446 4150 592 4239 puellam
612 4150 646 4216 in
673 4152 974 4232 terram‘conlidit,
1000 4167 1033 4218 et
1057 4153 1113 4217 diu
1133 4154 1280 4219 calcibus

188 4357 210 4406 l.
230 4359 300 4406 Corr.
317 4371 450 4404 succensa.
