3256 5144
360 473 404 517 ret
643 467 800 518 GREGOllIl
819 469 1027 519 'tunonensts
1045 472 1194 519 Erlsnorl

359 587 427 651 lum
444 585 601 649 maiorem
628 584 800 650 inimicum
824 587 892 650 suis
912 587 1021 651 causis
1038 611 1137 675 quam
1158 611 1209 650 me
1232 588 1383 650 haberet.
1401 585 1483 650 Ilico

359 712 444 752 unns
468 713 508 752 ex
531 687 647 751 aulicis
669 711 768 752 cursu
792 700 888 776 raptu
911 689 1024 754 adme
1051 688 1371 778 repraesentandum
1391 686 1482 751 dire-

359 789 459 879 gitnr.
479 791 629 877 Cumque
648 788 831 867 venissem,
855 791 964 854 stabat
983 815 1041 855 rex
1056 790 1145 855 iuxta
1169 790 1422 854 tabernaculum
1442 814 1484 853 ex

359 893 458 955 ramis
474 891 609 969 factum,
622 891 708 955 etad
723 891 892 956 dexteram
910 890 980 957 eins
999 893 1279 958 Bertechramnus
1290 890 1482 981 episcopus,

360 994 400 1056 ad
423 993 528 1056 levam
550 1017 627 1056 vcro
651 993 887 1082 Ragnernodus
908 995 1035 1073 stabat3
1054 1005 1088 1058 et
1107 1007 1177 1058 erat
1197 1005 1273 1057 ante
1293 1017 1351 1057 eos
1376 1017 1484 1057 scam·
1514 1017 1527 1054 5

360 1120 438 1160 num
459 1121 544 1184 pane
572 1095 717 1183 desuper
736 1095 871 1184 plenum
898 1121 973 1161 curn
998 1095 1138 1160 diversis
1164 1095 1309 1160 ferculis.
1336 1094 1485 1181 Visoque

360 1223 424 1276 mc,
443 1221 501 1261 rex
521 1195 566 1260 ait
586 1222 592 1260 ;
613 1224 629 1258 a
648 1199 676 1261 O
695 1195 872 1285 episcope,
888 1197 1049 1262 iustitiam
1070 1197 1199 1262 cunctis
1217 1197 1339 1286 largire
1359 1195 1456 1260 debis
1476 1221 1482 1257 :

361 1311 393 1362 et
413 1323 490 1362 ecce
509 1323 571 1388 ego
593 1297 753 1362 iustitiam
776 1323 794 1361 a
814 1310 846 1362 te
864 1323 932 1364 non
952 1299 1097 1387 accipio;
1125 1299 1195 1380 sed,
1218 1310 1254 1362 ut
1270 1297 1385 1376 video,
1404 1321 1485 1362 con·

361 1399 465 1464 sentis
484 1399 671 1487 iniquitati,
690 1413 723 1464 et
745 1400 902 1488 impletur
926 1400 959 1464 in
980 1413 1012 1464 tc
1032 1401 1246 1488 proverbium
1273 1399 1373 1476 illud,
1394 1399 1485 1487 quod

361 1526 478 1566 corvus
493 1501 626 1564 cordum
647 1501 736 1566 corvi
758 1525 826 1565 non
847 1501 944 1566 eruit.
974 1529 990 1563 n
1017 1500 1067 1566 Ad
1089 1502 1171 1565 haec
1190 1525 1252 1590 ego
1275 1527 1282 1562 :
1311 1527 1327 1562 a
1351 1500 1386 1565 Si
1410 1498 1485 1587 quis
1504 1525 1531 1561 ra

362 1603 403 1666 dc
421 1601 530 1679 nobis,
554 1626 573 1664 o
592 1626 665 1680 rex,
683 1600 829 1666 iustitiae
847 1603 1013 1666 tramitem
1034 1603 1272 1666 transcendere
1288 1599 1447 1680 voluerit,
1469 1623 1487 1662 a

362 1718 395 1767 te
417 1701 539 1792 corrigi
559 1715 689 1791 potest3
718 1703 744 1768 si
766 1729 845 1768 vero
867 1718 903 1768 tn
924 1705 1125 1781 excesseris,
1156 1705 1231 1793 quis
1251 1718 1285 1769 te
1305 1702 1487 1792 corripiet?

362 1808 544 1895 Loquimur
561 1805 650 1870 eninr
668 1805 747 1884 tibi;
768 1808 827 1871 sed
843 1807 869 1871 si
890 1807 1034 1872 volneris
1058 1807 1169 1886 audis3
1193 1807 1221 1870 si
1243 1819 1352 1871 antem
1374 1805 1488 1870 nolue-

363 1909 421 1988 ris,
449 1907 524 1997 quis
549 1920 582 1972 te
610 1908 844 1973 condemnavit
862 1911 884 1987 ¹,
914 1907 977 1972 nisi
1005 1907 1062 1997 qui
1088 1933 1122 1973 se
1147 1907 1376 1996 pronuntiavit
1395 1907 1489 1972 insti-

363 2010 466 2074 tiam?
487 2035 503 2070 n
534 2010 586 2075 Ad
610 2011 692 2072 haec
720 2008 795 2088 ille,
820 2022 857 2074 ut
880 2022 951 2074 crat
978 2012 1018 2074 ab
1039 2010 1269 2076 adulatoribus
1296 2022 1413 2075 contra
1435 2033 1490 2072 me
1508 2033 1535 2070 r,

365 2135 540 2191 accensus,
568 2110 613 2174 ait
643 2135 649 2173 z
679 2137 694 2173 a
722 2112 804 2175 Cum
832 2111 987 2176 omnibns
1007 2111 1096 2176 eninr
1123 2111 1425 2178 iuveniinstitiam
1456 2123 1491 2174 ct

364 2225 473 2276 tecum
494 2209 642 2274 invenire
659 2235 725 2275 non
742 2236 889 2299 possum.
908 2212 976 2276 Sed
989 2213 1071 2289 scic,
1087 2213 1168 2300 qnid
1185 2212 1320 2291 l'aeiam,
1338 2224 1373 2276 nt
1392 2223 1489 2275 note·

366 2313 408 2376 ris
425 2312 458 2376 in
474 2310 625 2398 populis,
641 2323 674 2374 et
689 2310 848 2377 iniustam
864 2324 897 2375 tc
916 2337 988 2376 esse
1010 2311 1041 2374 in
1062 2311 1217 2377 omnibns
1237 2324 1487 2402 perpatescant.

364 2414 563 2479 Corn'ocabo
580 2414 668 2478 enirn
688 2415 848 2502 populum
865 2412 1066 2477 'l'oronicunr
1085 2425 1119 2476 et
1137 2414 1246 2479 dicam
1263 2414 1310 2478 cis
1334 2441 1340 2478 :
1360 2443 1376 2476 a
1393 2412 1491 2480 Voci-

365 2514 515 2580 l'erarnini
534 2526 650 2578 contra
666 2516 878 2604 Gregoriurn,
900 2515 990 2602 quod
1011 2514 1054 2578 sit
1072 2514 1215 2580 iniustus
1235 2527 1267 2580 et
1284 2517 1367 2580 nulli
1383 2517 1491 2580 honri·
1507 2543 1537 2579 aa
1614 2535 1615 2542 ¹

364 2641 443 2681 num
473 2615 634 2680 iustitiam
660 2627 819 2702 praestet.
853 2641 869 2676 n
899 2615 968 2680 Illis
1000 2640 1134 2704 quoqne
1160 2618 1243 2681 haec
1268 2617 1492 2686 clamantibus

364 2717 603 2806 respondebo:
633 2716 645 2804 ll
670 2743 687 2778 a
720 2719 789 2806 Ego
818 2716 875 2804 qui
905 2741 962 2780 rex
986 2741 1058 2780 sum
1089 2717 1250 2782 iustitiam
1276 2744 1350 2784 curn
1371 2721 1490 2785 eodeni

363 2820 511 2884 invenire
530 2843 595 2883 non
615 2843 769 2906 possum,
790 2831 824 2881 et
839 2843 897 2884 vos
918 2817 975 2906 qui
994 2821 1140 2884 minores
1160 2820 1240 2884 cstis
1260 2820 1459 2886 invenietis?
1473 2848 1489 2882 u

361 2922 412 2986 ild
430 2923 511 2984 hacc
530 2945 592 3010 ego
619 2946 625 2982 :
655 2920 789 3001 «Quod
816 2921 878 2984 sim
898 2919 1061 3001 iniustus,
1093 2933 1128 2985 tu
1157 2921 1279 2986 nescis
1304 2921 1375 2987 Scit
1400 2921 1489 2986 enim

361 3025 416 3092 ille
432 3021 636 3088 conscientia
650 3035 735 3100 mea,
750 3023 803 3086 cui
820 3022 950 3088 occulta
967 3023 1078 3088 cordis
1094 3037 1170 3086 sunt
1187 3023 1371 3088 manifesta.
1391 3023 1490 3105 Quod
1504 3049 1537 3087 as

361 3149 439 3190 vero
462 3125 543 3188 l'also
572 3124 715 3188 clamore
739 3125 898 3211 populos,
925 3139 958 3190 te
976 3124 1179 3203 insultante,
1197 3125 1373 3205 vociferat,
1405 3122 1491 3190 nihil

363 3240 425 3304 est,
446 3227 523 3314 qnia
542 3227 652 3290 sciunt
670 3239 820 3290 omnes'a
843 3237 875 3290 te
898 3229 980 3293 haec
997 3227 1112 3292 missa.
1141 3228 1287 3316 Ideoque
1311 3251 1378 3290 non
1408 3252 1489 3317 ego,

364 3328 422 3392 scd
449 3329 560 3414 potins
582 3338 617 3390 tu
642 3325 677 3390 in
703 3326 946 3392 adclamatione
969 3329 1149 3394 notaberis.
1181 3329 1248 3394 Sed
1272 3328 1352 3417 quid
1372 3329 1492 3415 plura'z'

363 3431 473 3494 lIabes
493 3429 600 3517 legem
622 3438 656 3492 et
676 3451 841 3506 canones;
861 3430 943 3494 hacc
972 3442 1004 3494 te
1029 3429 1210 3518 diligenter
1244 3429 1355 3494 rimari
1389 3443 1491 3518 o'por-

363 3542 427 3606 tet3
456 3541 490 3593 et
507 3542 585 3594 tunc
613 3551 696 3617 quae
721 3529 946 3617 praeciperint
971 3531 999 3593 si
1025 3543 1091 3593 non
1115 3531 1366 3610 observaberis,
1391 3545 1490 3596 nove·
1505 3558 1535 3597 :ro

364 3631 428 3706 ris,
455 3629 516 3694 tibi
539 3629 600 3694 Dei
623 3629 785 3695 iudiciuin
799 3631 985 3697 imminere.
1007 3657 1023 3692 a
1047 3631 1091 3694 At
1108 3631 1164 3695 illc
1184 3633 1279 3720 quasi
1294 3657 1345 3697 mc
1363 3635 1490 3700 demnl-
1611 3665 1612 3690 r

365 3756 461 3808 cene,
482 3731 571 3819 quod
595 3731 712 3796 dolose
730 3732 854 3797 faciens
872 3734 1015 3820 'putabat
1042 3757 1093 3796 rne
1121 3758 1189 3798 non
1217 3733 1436 3825 intellegere,
1463 3735 1477 3826 ΙΙ

246 3845 300 3892 Fol-
315 3846 352 3890 68.
366 3857 545 3897 conversus
567 3833 608 3896 ad
628 3832 821 3910 inscelltnn,
850 3836 939 3923 qnod
959 3859 1070 3900 coram
1094 3859 1132 3898 co
1154 3848 1224 3898 erat
1250 3837 1392 3922 positus,
1416 3838 1488 3902 ait:

367 3963 382 3996 a
404 3939 545 4022 Propter
559 3946 591 3997 tc
607 3935 689 3998 haec
704 3933 841 4000 inscella
860 3937 985 4023 paravi,
1007 3935 1123 4024 inqua
1143 3935 1227 4000 nihil
1247 3937 1337 4004 alind
1358 3952 1494 4026 praeter

365 4037 511 4101 volatilia
546 4048 579 4098 et
600 4060 779 4123 parumper
804 4037 923 4101 ciceris
949 4037 1150 4102 continetur.
1181 4064 1197 4098 n
1224 4039 1379 4104 adhaec
1407 4065 1536 4130 eg0,aa
1610 4031 1611 4094 i

367 4153 577 4226 cognescens
603 4137 803 4203 adolationis
829 4137 917 4218 eius,
951 4139 1019 4204 dixi
1052 4165 1058 4203 :
1091 4166 1105 4200 a
1135 4142 1257 4206 Noster
1287 4143 1390 4228 cybus
1418 4168 1494 4208 esso

401 4345 420 4389 1.
442 4347 512 4390 t'orr.
526 4343 718 4390 condemnabit.
