3220 5158
373 449 402 493 68
656 445 813 496 GREGORII
832 444 1040 494 TURONENSIS
1057 442 1209 493 EPISCOPI

374 563 482 629 colum
503 563 721 629 claudicabat.
741 566 846 630 Porro
864 587 936 644 rex,
954 587 1046 644 cum,
1069 561 1192 653 fugatis
1212 561 1352 639 Gothis,
1378 557 1485 624 Alari-

342 717 344 723 2
374 689 447 731 cum
464 690 576 755 regem
590 666 833 747 interfecisset,
853 665 919 731 duo
936 689 976 730 ex
992 664 1131 729 adverso
1150 663 1261 728 subito
1281 662 1484 742 evenientes,

373 793 447 832 cum
463 770 571 834 contis
586 780 726 858 utraque
742 769 772 833 ei
788 769 892 833 latera
906 768 1040 833 feriunt.
1061 767 1128 834 Sed
1144 763 1265 830 auxilio
1282 778 1349 829 tam
1365 763 1487 828 loricae

373 895 471 960 quam
490 871 614 936 velocis
634 872 731 960 equI,
757 895 798 935 ne
818 871 960 960 periret,
983 882 1156 959 exemptus
1177 881 1238 934 est.
1261 868 1423 933 Maximus
1439 866 1487 931 ibi

372 985 452 1037 tune
466 973 690 1039 Arvernorum
709 972 866 1063 populus,
884 972 1031 1061 quicum
1050 971 1244 1061 Apollinare
1263 981 1434 1050 venerant,
1453 981 1518 1033 et5

372 1075 471 1165 primi
493 1075 550 1165 qui
575 1088 671 1141 erant
689 1100 729 1140 ex
748 1076 959 1140 senatoribus
980 1087 1190 1140 corruerunt.
1219 1077 1270 1139 De
1291 1075 1354 1138 hac
1375 1095 1490 1164 pugna

371 1178 593 1261 Amalaricus,
616 1179 704 1244 filins
725 1177 865 1259 Alarici,
890 1179 925 1243 in
950 1177 1144 1268 Hispaniam
1170 1176 1256 1268 fugit
1282 1199 1490 1268 regnumque

251 1297 305 1346 col.
320 1301 358 1347 aa.
371 1281 475 1370 patris
496 1281 660 1373 sagaciter
685 1283 859 1371 occupavit
885 1279 1152 1372 Chlodovesschus
1166 1303 1245 1346 vero
1269 1279 1373 1344 filium
1393 1303 1490 1344 suum

370 1384 615 1449 Theodericum
650 1409 711 1474 per
744 1383 953 1474 Albigensim
985 1407 1022 1448 ac
1057 1382 1212 1449 Rutinam
1247 1381 1412 1448 civitatem
1446 1383 1490 1446 ad

370 1486 680 1576 Arvernusdiregit.
702 1485 766 1569 Qui
783 1487 911 1566 abiens,
928 1486 1028 1550 urbes
1044 1486 1117 1550 illas
1133 1485 1286 1550 afinibus
1300 1487 1489 1552 Gothorum
1508 1509 1538 1547 ro

370 1612 475 1677 usque
494 1587 770 1679 Burgundionum
789 1589 968 1653 terminum
985 1589 1089 1679 patris
1105 1587 1155 1652 sui
1171 1587 1361 1653 dicionibus
1378 1585 1490 1652 subiu-

369 1693 469 1781 gavit.
494 1690 658 1782 Regnavit
673 1703 783 1756 autem
799 1690 950 1756 Alaricus
971 1692 1067 1755 annis
1086 1689 1275 1762 duodecim.
1299 1689 1489 1755 Chlodove·

215 1794 546 1857 F01.29v⁰.chusvero
564 1792 652 1882 apud
672 1792 949 1884 BurdegalenSIm
964 1795 1081 1858 urbem
1098 1794 1208 1858 hieme
1220 1789 1340 1884 agens,
1358 1789 1371 1882 [Ι
1390 1816 1490 1857 cunc·

370 1908 422 1960 tos
442 1896 617 1960 thesauros
634 1895 757 1961 Alarici
777 1920 794 1959 a
815 1894 960 1961 Tholosa
977 1895 1143 1976 auferens,
1164 1895 1364 1960 Ecolismam
1382 1894 1487 1959 venit.

371 1999 433 2061 Cui
445 2009 570 2062 tantam
587 1997 750 2096 Dominus
765 1998 906 2088 gratiam
925 1997 1060 2076 tribuit,
1083 2009 1120 2062 ut
1138 1996 1172 2062 iu
1190 1997 1261 2062 eius
1282 1997 1491 2086 contempla·
1510 2022 1537 2062 15

370 2102 461 2165 tione
493 2103 578 2166 muri
621 2113 741 2191 sponte
777 2111 981 2166 corruerent.
1019 2103 1132 2182 Tunc,
1168 2099 1311 2166 exclusis
1348 2100 1489 2182 Gothis,

371 2204 487 2268 urbem
508 2228 567 2268 suo
583 2202 732 2269 dominio
753 2204 951 2294 subiugavit.
973 2205 1053 2268 Post
1067 2206 1163 2286 haec,
1183 2216 1317 2294 peracta
1332 2203 1489 2284 victoria,

370 2309 522 2372 Toronus
542 2321 592 2372 est
610 2331 799 2398 regressus,
825 2306 926 2371 multa
946 2319 1079 2372 sanctae
1102 2305 1260 2372 basilicae
1277 2306 1383 2371 sancti
1399 2307 1491 2372 Mar-

370 2409 431 2474 tini
448 2433 585 2475 munera
601 2409 757 2475 offerens.
1531 2503 1538 2516 ⁸

415 2594 550 2662 XXVIII
562 2591 639 2682 (38).
658 2591 764 2683 Igitur
777 2592 1033 2658 Chlodovechus
1044 2593 1085 2657 ab
1096 2592 1272 2657 Anastasio
1287 2590 1493 2680 imperatore
1507 2617 1537 2658 ao

371 2695 552 2760 eodecillos
569 2695 611 2760 de
627 2695 801 2760 consolatu
819 2694 967 2783 accepit,
986 2707 1019 2759 et
1033 2693 1067 2758 in
1085 2693 1231 2759 basileca
1248 2692 1337 2759 beati
1352 2694 1492 2762 Martini

370 2798 483 2864 tonica
501 2799 626 2864 blattea
643 2798 781 2864 indutus
803 2810 836 2862 et
852 2796 1010 2877 clamide,
1030 2796 1197 2887 inponens
1222 2796 1348 2862 vertice
1372 2796 1494 2862 diade·

371 2925 467 2965 mam.
489 2905 581 2967 'Iunc
597 2925 735 2966 ascenso
756 2900 884 2990 equite,
910 2923 1024 2966 aurum
1045 2912 1286 2990 argentumque
1304 2901 1339 2964 in
1362 2900 1492 2965 itenere

370 3001 470 3084 illud,
488 3005 578 3092 quod
600 3005 689 3068 inter
707 3015 837 3091 portam
858 3001 932 3067 atrii
953 3001 1129 3068 ecclesiam
1147 3001 1289 3067 civitatis
1306 3014 1372 3083 est,
1391 3026 1492 3092 prae-

372 3107 522 3170 sentibus
533 3105 667 3196 populis
683 3129 782 3170 manu
793 3105 929 3195 propria
945 3129 1119 3196 spargens,
1133 3106 1300 3171 volontate
1314 3105 1491 3197 benignis·
1505 3133 1537 3174 aa
1602 3111 1603 3138 ³

372 3206 453 3271 sima
471 3206 638 3299 erogavit,
654 3221 687 3273 et
703 3210 743 3272 ab
761 3231 799 3273 ea
813 3207 867 3272 die
882 3220 1050 3296 tamquam
1066 3208 1183 3273 consul
1202 3221 1257 3273 aut
1267 3221 1426 3299 augustus
1438 3223 1491 3274 est

370 3311 544 3375 vocitatus.
572 3313 735 3401 Egressus
755 3323 899 3376 autema
921 3313 1074 3376 Toronus
1095 3309 1242 3376 Parisius
1260 3311 1352 3376 venit
1373 3309 1490 3400 ibique

372 3413 563 3476 cathedram
582 3415 677 3504 regni
692 3414 877 3478 constituit.
893 3412 942 3479 Ibi
952 3425 985 3478 et
995 3412 1224 3479 Theodericus
1241 3413 1368 3479 adeum
1383 3415 1486 3480 venit.
1601 3395 1602 3486 l

402 3583 439 3630 39.
454 3580 567 3644 Demque
579 3582 708 3644 migrante
721 3581 860 3630 Eustochio
873 3579 1205 3654 Turonorumepiscopum‚
1219 3586 1326 3628 octavus
1339 3587 1399 3646 post
1412 3597 1489 3630 sanc·

371 3649 426 3692 tum
436 3643 577 3691 Martinam
589 3643 702 3692 Licinius
716 3644 875 3691 Turonicise
896 3644 1001 3708 iscopus
1011 3643 1155 3691 ordinatur.
1168 3643 1250 3690 liuius
1264 3650 1379 3707 tempore
1390 3643 1489 3692 bellum
1504 3658 1536 3697 3⁰

253 3711 307 3759 Col.
321 3713 358 3758 96.
372 3707 492 3769 superius
504 3709 513 3768 ΙΙ
526 3706 653 3770 scriptum
664 3713 768 3770 gestum
780 3713 827 3754 est
840 3661 963 3754 Etbums
976 3713 1093 3772 tempore
1104 3705 1301 3754 Chlodovechus
1312 3722 1356 3754 rcx
1368 3707 1488 3754 Turonus

371 3769 449 3816 venit.
462 3769 508 3816 Hic
520 3770 601 3816 fertur
613 3769 750 3818 inOriente
764 3769 881 3817 fuissene
891 3767 949 3817 loca
958 3769 1080 3818 vIsitasse
1093 3774 1243 3815 sanctorum
1254 3768 1391 3833 ipsamque
1401 3769 1488 3816 adisse

371 3830 573 3879 HierusoIImam
586 3838 611 3879 et
622 3833 680 3879 loca
686 3832 823 3941 passionis
836 3848 866 3879 ac
878 3831 1076 3880 resurrectionis
1090 3830 1249 3888 dominIcae,
1260 3847 1326 3894 quae
1338 3832 1364 3878 in
1378 3847 1489 3896 euange-

371 3894 414 3940 liis
427 3893 554 3958 legimus,
569 3909 646 3959 saepe
658 3895 684 3944 vi
704 3895 764 3942 isse.

415 4039 567 4106 XXVIIII
586 4037 662 4126 (40).
692 4039 774 4102 Cum
799 4050 908 4102 autem
935 4036 1191 4102 Chlodovechus
1217 4059 1274 4100 rex
1289 4035 1377 4125 apud
1398 4035 1487 4102 Pari·

372 4140 440 4207 sins
453 4152 649 4220 moraretur,
660 4139 751 4204 misit
762 4141 846 4204 clam
863 4140 904 4205 ad
915 4140 1019 4205 filium
1036 4137 1209 4230 Sigiberti,
1223 4140 1339 4204 dicens
1351 4164 1357 4202 :
1370 4167 1387 4202 «
1401 4142 1488 4206 Ecce
1504 4168 1533 4207 aa

370 4257 466 4334 pater
490 4257 567 4310 tuus
588 4245 698 4309 senuit
717 4255 750 4308 et
769 4243 855 4333 pede
877 4242 989 4308 debile
1016 4242 1190 4308 claudicat.
1217 4241 1253 4309 si
1271 4241 1345 4323 ille,
1363 4241 1486 4332 inquit,

371 4359 567 4430 moreretur,
601 4359 691 4413 recte
719 4345 780 4411 tibi
806 4371 879 4413 cum
907 4345 1056 4411 amicicia
1079 4357 1193 4412 nostra
1225 4369 1364 4436 regnum
1397 4345 1488 4412 illius
