3226 5156
401 458 566 510 lllSTOlllAE
583 459 784 513 FRANCORUM
801 463 899 512 LIBER
916 463 957 512 ll'.
1198 467 1242 514 137

120 575 182 654 tis,
205 576 264 644 sed
286 599 463 666 personam
485 576 542 666 qui
564 577 769 667 loquibatur
798 583 953 670 paenitus
977 605 1044 646 non
1074 581 1238 649 videntes.

121 681 217 745 Tunc
234 678 444 744 Andarehius
462 679 621 745 demulsit
645 683 755 746 verbis
777 682 910 750 lenibus
935 687 1068 762 Ursum,
1096 683 1241 774 fecitque

121 805 197 848 eum
214 781 287 846 sine
303 781 392 872 regis
411 781 633 870 praesentiam
648 783 767 848 reverti
787 785 828 849 ad
844 784 997 874 patriam.
1017 789 1187 876 Factoque
1202 809 1242 851 ex

122 885 187 949 hoc
220 883 425 963 iuramento,
464 885 563 948 breve
591 899 874 952 sacramentorum
904 889 975 978 regi
1001 888 1059 953 illo
1084 888 1239 978 protulit,

90 984 240 1050 idicens
263 1011 269 1048 :
298 1012 315 1046 a
333 987 420 1050 Haec
441 998 473 1050 et
492 986 575 1050 haec
594 985 674 1051 mihi
694 985 798 1053 Ursus
809 989 964 1078 scripsit3
981 1003 1015 1055 et
1029 990 1105 1056 ideo
1114 990 1241 1081 gloriae

118 1101 250 1152 uestrae
270 1087 542 1178 praeceptionem
562 1089 727 1177 deposco,
750 1103 785 1155 ut
805 1091 906 1156 liliam
925 1116 1014 1157 suam
1035 1092 1116 1158 mihi
1129 1093 1243 1159 tradat

122 1190 154 1254 iu
185 1188 409 1256 matrimonio.
436 1188 595 1278 Alioquin
628 1190 727 1256 liceat
753 1192 834 1257 mihi
867 1219 920 1258 res
952 1194 1022 1259 eius
1049 1195 1239 1284 possidere,

119 1293 228 1358 donec
247 1290 393 1358 sidecem
411 1290 547 1356 milibus
559 1293 744 1359 solidorum
758 1296 917 1385 acceptis,
935 1321 988 1362 me
1008 1299 1049 1363 ab
1065 1299 1127 1363 hac
1143 1319 1242 1362 causa

120 1417 318 1459 removeam.
339 1421 355 1456 u
375 1397 468 1460 Tunc
480 1394 611 1485 adeptis
623 1397 931 1486 praeceptionibuS,
944 1401 1128 1465 Arvernum
1140 1399 1240 1480 redit,

78 1523 107 1562 io
124 1496 275 1562 ostendit
308 1495 469 1562 iudicium
502 1497 684 1564 iussionem
719 1499 819 1589 regis.
859 1503 963 1568 Ursus
999 1514 1108 1567 autem
1142 1527 1176 1567 se
1207 1501 1242 1566 iu

118 1598 255 1668 Vellavo
270 1598 441 1665 territurio
460 1601 612 1667 contulit.
642 1603 792 1692 Cumque
813 1627 865 1668 res
882 1603 953 1668 eius
971 1605 1049 1670 huic
1068 1603 1242 1696 consigna·
1318 1633 1320 1636 ·

120 1715 257 1780 rentur,
281 1713 314 1766 et
338 1700 393 1766 hic
420 1701 455 1766 in
479 1702 613 1770 Vellavo
641 1704 850 1769 accessisset.
876 1707 1120 1796 Ingressusque
1143 1729 1241 1771 unam

117 1801 195 1878 Ursi
214 1803 361 1883 domum,
380 1828 516 1870 caenam
534 1804 598 1870 sibi
616 1805 782 1896 praecipit
802 1830 1002 1897 praeparare
1018 1821 1118 1898 atque
1140 1831 1241 1898 aquas

117 1903 242 1995 quibus
259 1905 449 1972 ablueretur
467 1908 611 1974 calefieri
627 1908 732 1974 iubet.
752 1911 819 1976 Sed
839 1934 915 1975 eum
935 1911 1021 1976 servi
1046 1911 1164 1977 domus
1180 1911 1241 1976 do·

73 2035 101 2074 15
118 2007 202 2074 mini
214 2007 288 2073 rudi
303 2009 439 2094 domino
455 2025 667 2102 apparerent,
680 2011 763 2077 alios
782 2012 938 2093 fustibus,
951 2014 1033 2078 alios
1050 2012 1153 2104 virgis
1171 2037 1242 2078 cae·

119 2111 188 2191 dit,
206 2111 386 2177 nonnullos
405 2115 514 2203 capita
528 2113 720 2202 percutiens
738 2115 935 2205 sanguinem
954 2115 1080 2182 elicuit.
1097 2117 1242 2182 Turbata

119 2237 203 2306 ergo
220 2211 356 2294 familia,
374 2215 606 2307 praeparantur
625 2240 741 2296 caena,
758 2217 912 2282 abluetur
927 2217 981 2282 hic
1002 2217 1238 2307 aquiscalidis,
1253 2235 1373 2284 enideo.

118 2314 307 2380 inebriatur
331 2317 408 2381 vino
435 2331 469 2382 et
491 2341 525 2382 se
546 2317 689 2383 collocat
708 2342 809 2408 super
833 2330 982 2384 stratum.
1011 2322 1113 2385 Erant
1133 2333 1242 2386 autem

119 2441 196 2484 cum
222 2442 262 2482 eo
285 2433 413 2508 septem
434 2421 530 2508 pueri
560 2433 700 2486 tantum.
732 2423 975 2510 Cumquenon
998 2422 1242 2487 minus-somno

73 2549 101 2587 ac
118 2545 219 2610 quam
237 2517 322 2586 vino
337 2522 459 2612 sepulti
480 2521 578 2588 altius
596 2524 862 2606 obdormissent,
886 2537 1088 2616 congregata
1105 2523 1239 2604 familia,

118 2625 207 2690 ostia
224 2623 356 2710 domus,
374 2649 457 2714 quae
472 2639 567 2691 erant
585 2652 624 2692 ex
639 2627 930 2717 ligneisfabricata
948 2626 1083 2706 tabulis,
1097 2626 1239 2707 claudit;

119 2725 336 2814 acceptisque
357 2727 525 2805 clavibuS,
548 2742 652 2794 metas
675 2753 844 2810 annonae,
867 2754 952 2820 quae
972 2729 1126 2808 aderant,
1147 2727 1242 2794 elidit

118 2851 159 2891 ac
171 2829 260 2892 circa
275 2827 409 2893 domum
426 2843 459 2895 et
475 2855 574 2918 supra
593 2831 729 2896 domum
745 2832 905 2923 adgregat
920 2856 1054 2898 acervos
1075 2854 1239 2911 annonae,

118 2943 305 3019 quaetuuc
326 2930 360 2996 in
386 2933 565 3022 manipulis
591 2946 680 3014 erat,
709 2933 754 2999 ita
779 2947 815 3000 ut
838 2948 956 3025 operta
978 2959 1018 2999 ex
1043 2933 1096 2998 his
1124 2933 1242 2998 domus

72 3061 102 3098 rs
119 3046 316 3110 cerneretur
333 3037 480 3102 omnino.
501 3039 594 3104 Tune
614 3037 754 3102 inmisso
769 3062 831 3127 per
850 3050 961 3126 partes
977 3037 1125 3103 diversas
1145 3038 1239 3127 igne,

119 3161 194 3202 cum
212 3137 277 3202 iam
296 3161 397 3227 super
414 3140 476 3203 hos
498 3140 649 3205 infelices
676 3140 813 3205 materia
829 3139 973 3205 aedilicii
992 3152 1105 3204 exusta
1130 3141 1241 3204 dirue-

118 3253 210 3319 rent,
240 3239 427 3307 excitantur
443 3267 562 3321 voces,
589 3243 647 3307 sed
668 3267 736 3308 non
755 3242 889 3332 fuit-qui
908 3241 1095 3321 exaudiret,
1115 3242 1241 3322 donee,

116 3355 223 3408 totam
256 3342 390 3408 domum
425 3345 592 3424 adustam,
627 3346 719 3434 ipsos
752 3345 879 3434 pariter
913 3343 1001 3435 ignis
1033 3345 1239 3412 absorberet.

118 3447 224 3511 Ursus
236 3467 315 3510 vero
333 3459 484 3511 metuens
493 3446 781 3536 basilicam-saneti
796 3447 914 3512 Iuliani
926 3447 1076 3537 expetiit3
1089 3437 1243 3536 datisque

71 3573 102 3612 ao
119 3546 191 3637 regi
207 3548 415 3618 muneribus.
435 3573 488 3614 res
509 3574 584 3615 suas
605 3551 639 3614 in
660 3549 830 3616 soliditate
846 3548 977 3638 recipit.

164 3729 301 3794 XXXlll
324 3727 401 3816 (47).
434 3729 690 3796 Clrlodovechus
723 3754 819 3808 vero,
855 3728 1037 3818 Chilperici
1068 3728 1175 3808 filius,
1201 3727 1360 3798 denotat.

119 3831 287 3924 'l'oronico
307 3829 445 3911 eiectus,
457 3832 637 3922 Burdigala
651 3831 743 3897 abiit.
758 3833 912 3922 Denique
928 3855 1002 3896 cum
1017 3831 1106 3921 apud
1119 3829 1242 3896 Burde-

117 3932 282 4022 galensim
300 3931 482 4012 civitatem,
496 3933 623 3998 nullum
639 3957 778 4022 prorsus
793 3933 1048 4023 inquietantem,
1066 3932 1241 4012 resediret,

119 4033 269 4125 Sigulfus
295 4031 430 4122 quidam
458 4047 589 4124 aparte
618 4035 789 4125 Sygiberti
817 4061 851 4101 se
878 4061 979 4125 super
1005 4060 1079 4102 eum
1105 4033 1239 4100 obiecit.

68 4165 102 4204 ³5
121 4140 227 4220 Quem
243 4134 394 4226 fugiente
411 4160 484 4201 cum
502 4136 593 4202 tubis
612 4149 646 4202 et
662 4137 795 4203 bucinis
813 4138 908 4227 quasi
924 4138 1092 4204 labentem
1111 4160 1243 4203 cervum

119 4240 249 4330 fugans,
276 4239 519 4328 insequibatur.
546 4239 610 4324 Qui
637 4241 692 4306 vix
715 4241 755 4305 ad
781 4252 910 4330 patrem
938 4239 1070 4332 regredi
1100 4241 1241 4306 liberum

119 4342 235 4407 habuit
256 4342 392 4406 aditum.
421 4345 544 4408 Tamen
574 4367 635 4432 per
658 4344 870 4408 Andecavum
889 4367 1079 4433 regressus,
1106 4343 1239 4408 adeum
