3226 5156
342 406 370 452 ss
625 379 783 456 censoru
801 405 1009 456 rueoruusrs
1026 404 1177 456 EPISCOPI

342 521 508 611 pullorum
524 519 777 614 gallinaciorum
796 522 1057 608 multitudinem,
1079 537 1112 596 et
1130 522 1248 588 faciam
1268 544 1459 610 quaeprae·

338 625 445 715 cepis.
464 650 481 686 n
501 624 711 714 Praeparatis
733 650 813 715 ergo
834 651 919 716 quae
940 625 1068 692 dixerat
1087 649 1182 715 pucr,
1208 624 1327 689 inluxit
1352 621 1461 711 domi-

343 751 424 792 neca
441 725 530 807 dies,
554 726 699 817 fecitque
720 728 874 817 aepulum
898 751 1054 820 magnum
1077 727 1266 816 diliciisque
1287 725 1457 790 refertum.

342 828 584 918 Aepulantibus
613 841 722 895 autem
747 831 910 896 omnibus
947 844 980 896 et
1012 830 1226 896 laudantibus
1248 826 1459 918 prandium,

342 944 497 1023 parentes
513 931 603 998 illius
614 933 852 1000 discesserunt.
872 934 1035 1000 Dominus
1051 933 1140 999 enim
1155 931 1250 998 dedit
1261 930 1367 1022 gratia
1382 929 1488 995 huius

342 1058 464 1124 puero,
493 1046 526 1098 et
547 1035 677 1124 accepit
702 1048 902 1123 potestatem
931 1061 1033 1126 super
1062 1034 1172 1100 omnia
1193 1037 1282 1122 quae
1313 1033 1460 1097 babebat

342 1135 497 1201 dominus
531 1137 608 1202 suus
641 1135 678 1201 in
714 1152 892 1229 promptu,
923 1138 1253 1229 diligebatqueeum
1285 1134 1393 1214 valde,
1427 1145 1461 1199 et

206 1257 260 1306 Col.
276 1257 327 1305 120.
341 1234 510 1334 omllnibus
534 1239 591 1329 qui
621 1263 695 1305 cum
722 1264 762 1305 eo
791 1254 886 1306 erant
914 1241 986 1330 ipse
1022 1239 1239 1331 dispensabat
1265 1235 1399 1326 cybaria
1426 1250 1460 1302 et

341 1341 523 1430 pulmenta.
555 1344 636 1407 Post
666 1343 745 1406 anni
772 1367 851 1408 vero
875 1343 1092 1422 curricolum,
1123 1366 1197 1407 cum
1223 1340 1289 1405 iam
1323 1343 1459 1406 securus

342 1447 431 1512 esset
447 1443 603 1509 dominus
617 1443 706 1509 illius
732 1446 773 1510 de
792 1471 848 1528 eo,
871 1446 953 1512 abiit
975 1446 1009 1511 in
1023 1459 1172 1536 pratum,
1196 1444 1342 1533 quierat
1367 1440 1458 1508 dorni
1473 1466 1497 1504 10

341 1546 511 1634 proximus
523 1602 532 1634 ‚
544 1569 619 1611 cum
634 1546 745 1612 Attalo
763 1572 886 1637 puero,
901 1547 1032 1614 custodi
1047 1571 1208 1638 equorum
1222 1575 1229 1626 3
1244 1560 1277 1611 et
1288 1546 1459 1612 decubans

342 1647 376 1712 in
393 1660 481 1712 terra
500 1671 632 1738 commeo
655 1673 672 1714 a
692 1650 809 1739 longe,
833 1650 957 1716 aversis
976 1649 1103 1730 dorsis,
1127 1648 1253 1714 utnon
1274 1657 1459 1738 cognusce-

343 1762 459 1817 rentur
474 1749 585 1830 simul,
603 1751 686 1817 dicit
704 1777 809 1841 puero
832 1779 838 1816 :
857 1756 1034 1842 «Tempus
1051 1765 1102 1818 est
1117 1751 1219 1832 enim,
1240 1750 1356 1816 utiam
1371 1746 1460 1839 cogi·¹

341 1854 405 1919 tari
425 1853 466 1918 de
486 1852 594 1943 patria
609 1855 802 1919 debeamus.
822 1856 967 1944 Ideoque
988 1880 1107 1921 moneo
1130 1868 1179 1935 te,
1198 1867 1236 1919 ut
1259 1856 1321 1919 hac
1341 1863 1459 1930 nocte,

343 1981 417 2022 oum
449 1980 552 2047 equos
574 1957 617 2021 ad
643 1957 865 2023 claudendum
890 1958 1085 2038 adduxeris,
1116 1983 1237 2048 sopore
1257 1981 1324 2022 non
1347 1953 1499 2045 depri·15

341 2057 458 2139 moris,
477 2058 536 2124 sed
545 2109 553 2140 ,
567 2083 641 2125 eum
657 2059 766 2149 primo
780 2073 814 2125 te
827 2060 1035 2141 vocitavero,
1055 2061 1145 2126 adsis
1160 2074 1194 2126 et
1210 2059 1459 2124 ambulemus.»

340 2165 522 2230 Vooaverat
547 2161 644 2228 enim.
663 2164 824 2230 barbarus
844 2163 900 2229 ille
930 2165 1053 2230 multos
1068 2177 1244 2255 parentum
1262 2187 1397 2228 suorum
1419 2161 1461 2226 ad

342 2263 514 2353 aepulum,
534 2264 622 2330 inter
637 2290 720 2356 quos
737 2279 806 2332 erat
820 2279 853 2331 et
863 2292 968 2358 gener
984 2267 1058 2333 eius
1068 2319 1076 2349 ,
1097 2267 1153 2357 qui
1169 2277 1344 2357 acceperat
1360 2264 1461 2328 filiam

341 2366 441 2433 illius.
463 2367 574 2433 Media
592 2382 701 2434 autem
721 2383 862 2434 noctea
890 2369 1040 2435 convivio
1067 2371 1282 2461 surgentibus
1305 2380 1338 2432 et
1357 2365 1462 2456 quieti

342 2469 479 2551 dantes,
497 2484 695 2559 prosecutus
712 2485 763 2536 est
780 2475 845 2538 Leo
863 2497 1023 2562 generum
1039 2471 1165 2538 domini
1187 2473 1237 2537 sui
1257 2494 1331 2536 cum
1353 2481 1435 2558 potu
1447 2467 1460 2560 [l
1472 2493 1502 2532 no

342 2571 587 2664 porrigensque
607 2573 637 2637 ei
661 2575 776 2640 bibere
798 2576 833 2639 in
849 2587 1006 2642 metatum
1021 2576 1102 2640 eius.
1121 2573 1177 2639 Ait
1195 2574 1235 2638 ad
1252 2597 1325 2638 eum
1337 2573 1458 2636 bomo:

344 2701 361 2740 (ι
381 2676 443 2741 Dic
467 2687 520 2756 tu,
554 2701 574 2740 o
599 2676 746 2742 creditor
774 2677 880 2743 soceri
904 2678 987 2765 mei,
1016 2677 1043 2742 si
1070 2678 1196 2757 valeas,
1219 2674 1352 2763 quando
1373 2671 1462 2738 enim

343 2778 513 2843 voluntate
540 2778 734 2859 adhibebis,
759 2792 813 2860 ut,
842 2780 1027 2870 adsumptis
1047 2779 1218 2871 equitibus
1241 2780 1328 2856 eius,
1349 2800 1403 2841 eas
1427 2773 1461 2838 in

344 2880 485 2969 patriam
495 2881 607 2945 tuam?
624 2907 641 2944 »
661 2884 731 2947 Hoc
743 2881 837 2970 quasi
855 2883 929 2948 ioco
949 2884 1121 2949 delectans
1139 2881 1233 2948 dixit.
1251 2878 1413 2946 Similiter
1429 2890 1463 2942 et

345 2983 407 3069 ille¹
422 2983 614 3049 ioculariter
631 2985 840 3073 respondens
856 2985 1012 3065 veritate,
1033 2986 1080 3052 ait
1104 3013 1110 3050 :
1135 2988 1237 3051 «Hac
1258 2995 1356 3048 nocte
1377 2979 1462 3048 deli·
1477 3007 1511 3046 25

347 3089 445 3166 bero,
475 3087 503 3153 si
524 3088 588 3152 Dei
604 3088 757 3153 voluntas
778 3088 886 3154 fuerit.
910 3115 927 3150 n
954 3091 995 3154 Et
1017 3089 1097 3154 ille:
1118 3116 1134 3152 a
1156 3089 1302 3168 Utinam,
1325 3081 1461 3174 inquid,

347 3190 537 3256 custodiant
561 3215 613 3256 me
629 3190 741 3256 famuli
758 3190 842 3272 mei,
870 3217 912 3257 ne
935 3192 1060 3282 aliquid
1082 3193 1123 3258 de
1142 3195 1242 3258 rebus
1253 3189 1340 3254 meis
1364 3187 1463 3254 adsui-

347 3317 416 3358 mas
428 3291 435 3357 !
448 3317 476 3355 .»
495 3295 537 3357 Et
548 3293 697 3359 ridentes
710 3294 949 3360 discesserunt.
970 3295 1347 3361 Dormientibus'autem
1365 3312 1462 3356 cuno·

347 3396 409 3477 tis,
430 3396 560 3462 vocavit
574 3399 640 3462 Leo
659 3396 823 3478 Attalum,
849 3398 1028 3489 stratisque
1050 3399 1231 3489 equitibus,
1259 3395 1461 3483 interrogat,

348 3528 365 3563 «
385 3501 412 3565 si
434 3500 574 3564 haberet
592 3499 716 3590 gladio.
736 3526 756 3562 u.
772 3501 982 3590 Respondit:
1004 3528 1021 3565 a
1042 3505 1117 3570 Non
1132 3514 1183 3567 est
1202 3499 1283 3565 mihi
1305 3519 1460 3575 necesse,
1479 3521 1512 3560 ao

346 3602 412 3669 nisi
426 3613 555 3666 tantum
574 3600 691 3668 lancea
707 3604 852 3692 parvola.
878 3631 896 3667 n
916 3604 959 3670 At
976 3605 1032 3670 ille
1057 3604 1229 3695 ingressus
1256 3600 1462 3666 mansionem

347 3702 475 3772 domini
500 3704 567 3785 sui,
594 3704 838 3794 adpraehendit
866 3721 994 3797 scytum
1019 3705 1092 3772 ‘eius
1118 3731 1156 3773 ac
1175 3706 1343 3770 frameam.
1365 3699 1463 3785 Quod

346 3809 593 3896 interrogante,
621 3808 696 3895 quis
723 3821 811 3874 esset
836 3823 891 3875 aut
916 3809 997 3900 quid
1028 3808 1092 3874 sibi
1116 3807 1225 3887 vellit,
1256 3803 1460 3895 respondit:

347 3936 364 3974 «
391 3912 462 4000 Ego
483 3932 555 3973 sum
579 3909 783 3976 Leo'scrvus
812 3923 905 3995 tuus,
930 3925 963 3978 et
990 3914 1114 3978 suscito
1138 3911 1267 3989 Attalo,
1288 3921 1326 3974 ut
1350 3913 1464 3997 surgat

346 4010 492 4078 velocius
509 4022 543 4077 et
557 4010 700 4077 deducat
717 4037 822 4103 equos
836 4015 877 4080 ad
892 4027 1042 4104 pastum3
1056 4015 1225 4082 detinetur
1238 4013 1326 4079 enim
1342 4033 1463 4098 sopore
1478 4035 1512 4075 as

347 4115 441 4206 quasi
462 4114 618 4181 ebrius.»
638 4115 724 4199 Qui1
743 4118 789 4182 ait
810 4143 817 4182 :
841 4144 858 4181 «
872 4121 938 4184 Fac
955 4131 992 4184 ut
1011 4118 1104 4186 libet.
1126 4146 1143 4183 »
1165 4121 1207 4185 Et
1225 4119 1308 4183 haec
1328 4113 1462 4193 dicens,

346 4217 558 4285 obdormivit.
581 4219 639 4284 Ille
654 4244 732 4286 vero
753 4245 907 4320 egressus
928 4222 1025 4305 foris,
1043 4221 1184 4290 munivit
1200 4243 1340 4310 puerum
1358 4241 1460 4297 arma,

345 4319 538 4411 invenitque
564 4320 678 4390 ianuas
707 4322 782 4389 atrii
806 4325 972 4393 divinitus.
989 4338 1171 4407 reseratas,
1197 4348 1278 4414 quas
1305 4321 1340 4386 in
1364 4320 1462 4387 initio

376 4471 399 4518 1.
417 4471 450 4519 Et
461 4488 524 4521 corr.
539 4471 598 4529 Qui.
