3202 5150
413 440 577 490 lllS'l’OllIAE
595 441 795 490 FRANCORUM
812 441 908 490 LIBER
925 442 957 489 ll.
1222 444 1250 491 51

137 561 238 612 manet,
256 555 403 612 lubricavit,
427 573 492 622 quae
513 557 624 605 habetur
645 573 661 606 a
684 557 788 605 civitate
804 572 899 620 passus
915 561 968 604 550.
992 557 1075 615 Habet
1094 558 1121 605 in
1144 557 1251 620 long-um

136 618 217 680 pedes
237 618 409 675 160,181818
428 623 473 678 60,
497 620 576 670 habet
594 621 621 668 in
636 621 689 668 8118
704 636 788 684 usque
804 620 837 667 ad
861 635 993 668 cameram
1006 621 1085 683 pedes
1105 622 1151 677 45;
1166 621 1252 668 lenes-

135 685 193 727 tras
206 679 233 727 18
246 680 340 727 8118818
355 683 398 738 32,
416 681 443 728 in
455 697 535 746 capso
552 682 839 739 20;001u1nnas41;in
855 689 909 730 toto
925 682 1042 731 aedificio
1062 684 1189 730 fenestras
1208 684 1251 738 52;
1285 695 1293 714 ·

137 743 273 789 columnas
293 743 483 800 11888888,
509 745 603 792 181818
627 745 733 801 altario,
761 744 874 808 quinque
897 745 924 791 in
950 760 1038 810 capso.
1067 744 1252 808 sollempnitas

106 813 121 850 5
137 803 210 852 enim
220 805 305 867 ipsius
317 805 442 853 basilicae
453 807 551 870 triplici
559 806 655 854 virtute
664 808 762 870 pollet:
776 807 803 853 id
816 813 856 854 est
868 805 1030 862 dedicatione
1041 806 1148 869 templi,
1165 813 1253 854 trans-

136 867 236 914 latione
249 868 366 931 corporis
379 869 461 915 sancti
478 869 520 916 vel
539 869 701 916 ordinatione
717 868 772 916 eius
790 869 877 931 881888
899 869 942 917 811.
957 869 1029 916 Η888
1046 870 1114 916 enim
1128 871 1151 916 4.
1167 869 1253 917 Nonas

137 928 221 976 Iulias
234 929 400 986 observabis;
412 930 601 1042 depositionem
613 947 675 979 vero
686 931 741 978 eius
754 934 776 978 3.
794 931 855 978 Idus
891 931 1022 980 ovembris
1035 947 1091 979 esse
1101 947 1253 994 cognoscas.

138 991 215 1046 Quod
229 992 251 1038 si
263 992 375 1040 fideliter
387 992 440 1040 cele
461 994 573 1052 raveris,
588 1000 613 1041 et
622 994 649 1041 18
661 993 793 1059 praesenti
809 994 912 1042 saeculo
927 999 953 1041 et
967 995 994 1041 in
1011 996 1096 1042 181888
1109 993 1256 1057 8818881818

137 1053 210 1101 beati
222 1053 346 1102 antistitis
364 1055 554 1117 promereberis
577 1057 610 1104 Et
623 1055 746 1119 quoniam
763 1071 866 1104 camera
879 1056 988 1103 cellulae
1005 1057 1077 1103 illius
1094 1055 1256 1129 8818818818-

92 1123 122 1162 10
138 1116 214 1178 genti
226 1118 398 1179 88888188881
411 1117 550 1176 fabricata,
562 1118 700 1182 indignum
717 1119 790 1166 duxit
802 1119 938 1174 sacerdos,
952 1125 981 1166 ut
992 1131 1072 1182 opera
1083 1134 1139 1166 erus
1152 1119 1256 1182 deperi-

138 1185 210 1235 rent,
225 1177 309 1225 sedin
325 1177 422 1226 honore
437 1181 573 1228 beatorum
587 1181 767 1244 apostolorum
786 1181 856 1229 Petri
875 1187 900 1229 81
919 1181 993 1228 Ρ8811
1013 1180 1092 1228 aliam
1113 1181 1257 1228 construxit

138 1240 289 1297 basilicam,
301 1241 328 1288 18
357 1258 392 1289 aa
401 1258 532 1290 cameram
540 1243 615 1290 illam
625 1243 723 1291 adfixit.
737 1243 832 1290 Multas
840 1250 866 1290 et
874 1243 940 1291 alias
952 1243 1076 1290 basilicas
1087 1243 1258 1302 aedificavitll

138 1319 207 1366 quae
216 1257 383 1368 usquehodie
394 1304 421 1352 in
432 1305 528 1352 Christi
541 1307 645 1354 nomine
655 1312 784 1354 constant.
1268 1302 1322 1350 Col·
1336 1302 1374 1348 69-

173 1459 210 1506 15.
224 1459 261 1506 lio
273 1465 389 1522 tempore
405 1465 431 1507 81
445 1460 556 1508 basilica
572 1459 641 1508 beati
662 1460 839 1534 simphoriani
858 1460 1075 1524 hgustidunensis
1093 1460 1208 1510 martiris
1224 1462 1256 1509 ab

93 1528 123 1567 15
139 1521 265 1569 Eulronio
280 1523 426 1585 presbitero
445 1523 582 1572 aedificata
600 1529 647 1571 est.
667 1524 700 1570 Et
716 1539 772 1586 ipse
789 1524 928 1572 Eulronius
944 1523 1022 1571 huius
1042 1524 1163 1587 deinceps
1183 1525 1256 1572 urhis

138 1583 228 1648 episco
249 1590 321 1632 atum
333 1585 440 1632 sortitus
450 1592 498 1632 est.
510 1585 556 1633 llic
566 1585 635 1632 enim
648 1601 820 1642 marmorem,
835 1587 878 1651 qui
892 1601 970 1659 super
979 1593 1097 1634 sanctum
1108 1587 1256 1650 sepulcrum

139 1645 210 1693 beati
249 1646 327 1698 881181
336 1647 457 1704 habetur,
471 1664 531 1695 cum
543 1648 636 1711 grandi
645 1647 781 1696 devotione
791 1649 949 1698 transmisit.

172 1804 210 1851 16.
225 1803 335 1852 Sanctus
347 1819 408 1852 8888
422 1803 557 1854 Namatius
572 1810 633 1868 post
645 1804 746 1852 obitam
756 1803 856 1853 Rustici
869 1803 985 1868 episcopi
1002 1803 1072 1868 apud
1085 1805 1216 1852 18888888
1230 1804 1255 1852 18
1298 1817 1300 1824 ⁴

138 1865 232 1914 diebus
244 1866 297 1913 illis
310 1872 417 1914 octavus
430 1873 486 1914 8881
500 1867 647 1930 881888888.
662 1867 709 1913 Η18
722 1867 872 1924 ecelesiam,
902 1867 929 1913 81
942 1883 1009 1914 8888
1021 1873 1123 1914 8888181
1134 1873 1159 1913 81
1170 1865 1256 1914 888188

90 1935 121 1973 20
137 1927 208 1979 intra
218 1944 308 1976 murus
318 1929 431 1976 civitatis
444 1928 562 1986 habetur,
577 1945 623 1976 suo
633 1929 718 1976 studio
730 1929 880 1988 fabricavit,
914 1929 1033 1977 abentem
1045 1930 1071 1977 in
1084 1929 1163 1992 longo
1176 1930 1255 1992 pedes

138 1992 200 2048 150,
213 1991 240 2038 18
251 1991 304 2039 1818
317 1991 395 2054 88188
408 1994 451 2047 60,
469 1991 496 2038 id
513 1991 633 2038 88118188
650 2007 743 2054 88888,
764 1992 790 2038 18
810 1991 863 2038 8118
876 2008 959 2056 usque
977 2008 1107 2040 eameram
1119 1991 1198 2054 pedes
1212 1995 1253 2047 50,

137 2054 227 2102 188818
237 2053 356 2100 absidam
369 2052 507 2101 rotundam
516 2052 624 2111 habens,
633 2053 665 2101 ab
673 2060 783 2116 utroque
793 2053 873 2102 latere
883 2055 993 2102 ascellas
1002 2054 1115 2117 eleganti
1125 2061 1256 2102 construe·

138 2122 180 2162 tas
198 2131 287 2179 opere;
309 2122 443 2179 totumque
459 2115 606 2164 aedilicium
622 2116 650 2164 in
662 2116 768 2164 modum
781 2117 865 2164 erucis
878 2116 991 2164 habetur
1002 2117 1156 2180 expositum.
1171 2117 1256 2164 Habet

139 2179 267 2225 fenestras
279 2180 322 2234 12,
339 2179 492 2242 columpnas
506 2180 548 2236 70,
567 2177 635 2226 ostia
651 2180 674 2226 8.
697 2179 793 2226 Terror
805 2195 916 2242 namque
936 2179 1034 2226 ibidem
1047 2179 1091 2226 Dei
1110 2185 1135 2226 81
1147 2179 1254 2226 claritas

90 2245 121 2284 25
137 2255 235 2304 magna
247 2239 414 2304 conspicitur,
427 2247 450 2288 81
461 2255 520 2287 vere
530 2241 682 2304 plerumque
692 2240 757 2289 inibi
766 2241 830 2288 odor
841 2241 1013 2290 suavissimus
1022 2248 1168 2289 aromatum
1179 2241 1253 2303 quasi

139 2302 261 2350 advenire
272 2320 287 2350 a
299 2303 430 2366 religiosis
444 2303 561 2350 sentitur.
579 2304 694 2350 Parietes
711 2303 745 2350 ad
760 2304 883 2351 altarium
903 2319 981 2412 opere
1001 2304 1117 2351 sarsurio
1130 2319 1160 2350 ex
1171 2302 1254 2350 multa

139 2380 300 2412 marmorum
310 2381 405 2428 genera
417 2371 553 2412 exornatos
565 2364 651 2412 habet.
664 2365 789 2412 Exactum
801 2382 863 2428 ergo
875 2365 902 2412 in
933 2364 1067 2413 uodecimo
1082 2381 1149 2413 anno
1161 2365 1253 2412 heatus

138 2428 255 2490 pontifex
271 2426 413 2483 edificium,
431 2427 562 2474 Bononiae
575 2427 707 2475 civitatem
724 2428 814 2484 ltaliae
832 2427 979 2475 sacerdotes
996 2428 1099 2490 dirigit,
1113 2434 1142 2482 ut
1155 2428 1177 2474 81
1189 2427 1253 2484 Ι8811-

138 2491 214 2552 quias
227 2497 376 2537 sanctorum
389 2490 524 2552 Agricolae
536 2496 561 2537 et
572 2490 664 2536 Vitalis
677 2490 826 2548 exhibeant,
843 2506 908 2553 quos
922 2506 969 2553 pro
984 2491 1087 2538 nomine
1102 2489 1198 2538 Christi
1212 2489 1253 2536 dei

93 2557 122 2594 30
137 2551 222 2600 888181
235 2552 447 2600 manifestissime
460 2552 596 2599 crucifixos
611 2568 667 2600 8888
680 2552 857 2614 cognovimus.

171 2706 208 2752 17.
223 2704 301 2753 Cuius
313 2704 407 2754 coniux
418 2705 644 2754 basilicamsancti
658 2705 782 2770 Stephani
796 2705 946 2755 suburbano
955 2721 1089 2754 murorum
1097 2705 1252 2756 aedificavit.
1264 2712 1318 2761 Col.
1333 2715 1370 2760 70.

139 2767 224 2822 Quam
240 2784 299 2814 cum
318 2768 383 2815 18818
403 2769 519 2815 colorum
538 2768 665 2816 adornare
682 2769 756 2826 velit,
778 2769 883 2816 tenebat
899 2768 996 2816 librum
1015 2769 1041 2816 in
1064 2769 1149 2815 sinum
1162 2785 1250 2826 suum,

138 2830 229 2894 legens
239 2830 362 2878 historias
379 2830 488 2878 actionis
510 2831 643 2893 antiquas,
665 2831 810 2894 pictoribus
828 2831 960 2886 iudicans,
979 2847 1044 2894 quac
1063 2831 1090 2878 in
1103 2832 1251 2940 parietibus

138 2893 238 2954 fingere
247 2892 379 2940 deberent.
393 2893 500 2940 Factum
512 2900 552 2939 881
564 2898 650 2940 autem
677 2893 773 2940 uadum
785 2893 839 2950 die,
853 2900 893 2951 ut,
909 2894 1012 2941 sedente
1024 2909 1053 2940 ea
1063 2894 1089 2940 in
1122 2893 1212 2944 asilica
1222 2911 1252 2942 ac

94 2963 123 3002 ³5
138 2956 253 3018 legente,
268 2955 402 3002 adveniret
412 2955 517 3018 quidam
530 2971 630 3018 pauper
646 2911 679 3003 ad
698 2956 854 3012 orationem,
870 2962 895 3003 81
909 2955 1056 3020 adspiciens
1073 2957 1169 3010 camin
1181 2963 1253 3004 veste

139 3019 229 3080 nigra,
242 3017 312 3064 senio
324 3017 378 3064 iam
391 3023 526 3080 provecta,
541 3017 644 3082 putavit
656 3034 712 3064 esse
724 3035 803 3066 unam
818 3019 849 3065 dc
863 3019 999 3080 egentibus
1017 3019 1176 3082 protulitque
1186 3036 1252 3081 qua-

139 3079 215 3126 dram
227 3080 302 3142 panis
315 3087 340 3126 et
353 3079 442 3142 posuit
452 3079 478 3126 in
492 3079 550 3126 sinu
563 3080 617 3127 eius
628 3085 654 3127 et
665 3079 800 3128 abscessit.
815 3081 863 3128 1118
871 3097 932 3128 vero
944 3097 994 3127 non
1005 3079 1150 3143 dedignans
1159 3097 1253 3128 munus

138 3142 276 3250 pauperis,
289 3142 332 3205 qui
343 3157 483 3216 personam
491 3143 546 3190 eius
556 3158 608 3190 888
615 3143 754 3198 intellexit,
765 3145 864 3206 8888811
874 3149 898 3190 81
906 3144 1005 3216 gratias
1012 3143 1066 3204 egit
1076 3141 1251 3206 reposuitque,

159 3219 207 3251 ane
219 3204 272 3251 suis
285 3205 370 3267 epulis
383 3211 541 3267 anteponens
554 3211 579 3252 et
591 3205 796 3252 benedictionem
810 3221 840 3253 ex
856 3221 886 3252 ea
899 3205 1010 3267 singulis
1027 3205 1119 3254 diebus
1133 3222 1237 3254 sumens
1245 3243 1251 3265 ,

94 3274 123 3313 10
139 3267 220 3314 donec
232 3282 345 3330 expensa
357 3273 404 3314 est.

184 3425 259 3488 Xlll
277 3421 352 3511 (18).
374 3423 479 3512 lgitur
494 3420 704 3487 Childericus
716 3421 895 3487 Aurilianis
916 3444 1045 3512 pugnas
1061 3421 1144 3512 egit,
1168 3422 1254 3487 Ado·

138 3525 268 3591 vacrius
289 3548 367 3590 vero
388 3549 462 3589 cum
482 3523 670 3590 Saxonibus
687 3524 975 3590 Andecavovenit.
1001 3524 1014 3616 11
1036 3527 1158 3615 Magna
1175 3538 1319 3598 tuncrol,
1333 3550 1370 3595 83.

140 3629 212 3694 1888
230 3627 389 3716 populum
412 3628 571 3692 devastat.
598 3629 750 3692 Mortuus
771 3640 821 3692 est
841 3640 949 3691 autern
972 3626 1111 3717 Egidius
1132 3639 1165 3693 et
1181 3627 1255 3692 reli-

142 3731 215 3821 quit
228 3730 331 3795 filium
348 3729 521 3820 Syagrium
539 3727 683 3804 nomine.
704 3733 779 3814 Quo
796 3731 971 3808 defuncto,
992 3728 1196 3794 Adovacrius
1215 3732 1257 3796 de

98 3834 319 3906 (5818188888
343 3831 394 3897 vel
417 3831 590 3898 8111818818
611 3832 746 3898 obsides
771 3833 910 3922 aceepit.
935 3829 1079 3898 Brittani
1099 3832 1140 3898 (18
1164 3833 1257 3899 Β118-

143 3939 229 4005 81888
252 3960 270 3999 8
292 3934 412 4001 Gothis
434 3935 562 4025 expulsi
591 3947 684 4016 sunt,
712 3935 824 4000 multis
842 3936 928 4024 apud
950 3936 1131 4001 Dolensem
1150 3936 1258 4002 vicum

143 4038 338 4130 peremptis.
379 4039 500 4104 Paulus
525 4062 604 4104 vero
632 4040 734 4104 comis
762 4063 836 4104 cum
868 4029 1026 4104 Romanis
1055 4062 1092 4104 ac
1122 4041 1259 4105 Francis

145 4141 267 4210 Gothis
287 4141 373 4206 bella
390 4140 504 4206 intulit
528 4155 561 4206 81
580 4142 720 4231 praedas
748 4141 826 4232 egit.
848 4141 1005 4208 'Venienti
1030 4165 1108 4206 vero
1135 4142 1260 4216 Adova·

147 4245 217 4312 erio
231 4245 439 4323 Andecavus‚
458 4243 668 4311 Childericus
684 4270 742 4310 rex
755 4256 915 4333 sequente
931 4244 984 4310 die
995 4245 1139 4324 advenit,
1157 4244 1261 4310 inter-
