3220 5158
350 378 381 424 82
634 375 792 428 euueonu
811 373 1019 428 TURONENSIS
1032 373 1188 426 EPISCOPI

392 494 479 562 Vlllt
498 493 589 560 Idem
603 518 681 566 vero
696 517 868 585 regressus
882 492 925 558 ad
935 489 1107 582 propriam
1119 491 1417 561 Hermenelredum
1428 492 1470 558 ad

349 619 384 660 se
401 595 563 682 datafide
581 621 734 679 securum
756 594 922 686 praecipit
940 593 1070 678 venire,
1096 619 1195 684 quem
1216 606 1250 660 et
1274 592 1471 662 honorificis

349 697 467 782 ditavit
484 698 691 765 muneribus.
711 702 849 766 Factum
864 711 915 764 est
932 710 1059 779 autem,
1080 697 1158 762 dum
1177 698 1320 788 quadam
1337 698 1391 764 die
1410 721 1472 787 per

349 825 461 867 murus
479 800 622 866 civitatis
643 800 875 878 Tulbiacensis
898 800 1204 882 confabularentur,
1227 824 1246 882 a
1266 799 1381 866 nescio
1403 824 1471 890 quo

348 903 500 994 inpulso,
523 905 565 969 de
582 902 758 969 altitudine
776 903 862 970 muri
883 901 924 970 ad
944 915 1067 970 terram
1088 901 1221 970 conruit
1241 903 1356 993 ibique
1370 902 1501 993 spiri-s

349 1020 419 1073 tum
446 1007 597 1073 exalavit.
623 1006 691 1074 Sed
718 1007 775 1097 qui
814 1033 889 1073 eum
918 1006 1038 1073 exinde
1069 1005 1232 1089 deiceret,
1259 1008 1470 1098 ignoramus3

215 1121 268 1171 Col.
284 1123 338 1171 113.
350 1112 445 1178 multi
470 1109 644 1203 adllserunt
669 1110 876 1202 Theoderici
906 1109 941 1175 in
970 1111 1034 1200 hoc
1062 1109 1176 1176 dolum
1203 1109 1472 1176 manifestissime
1603 1141 1604 1210 ,

350 1227 509 1303 patulsse.
1603 1217 1604 1228 ’

393 1387 497 1454 Vllll.
533 1385 616 1450 Cum
643 1395 752 1448 autem
784 1379 1015 1448 Theudoricus
1046 1379 1081 1446 in
1115 1379 1332 1473 Thoringiam
1364 1391 1469 1463 esset,

353 1487 521 1553 Arvernus
540 1484 652 1552 sonuit
672 1508 746 1551 eum
769 1483 981 1552 interfectum
1003 1481 1116 1548 fuisse.
1139 1482 1302 1550 Arcadius
1322 1508 1469 1575 quoque,
1488 1512 1513 1550 ro

351 1615 436 1656 unus
460 1614 499 1654 ex
526 1587 737 1654 senatoribus
768 1586 953 1668 Arvernus,
989 1585 1244 1652 Childebertum
1274 1585 1408 1670 invitat,
1436 1601 1474 1654 ut

351 1691 522 1785 regionem
543 1691 634 1756 illam
655 1691 795 1756 deberet
817 1714 988 1779 accepere.
1012 1689 1071 1754 llle
1089 1714 1223 1779 quoque
1241 1714 1303 1755 nec
1326 1704 1473 1758 moratus

351 1796 520 1861 Arvernus
538 1793 640 1860 vadit.
662 1796 834 1882 Tantaque
853 1790 888 1856 in
911 1791 968 1857 illa
989 1791 1044 1858 die
1065 1792 1236 1860 condensa
1253 1790 1316 1858 fuit
1332 1795 1472 1876 nebula,

351 1909 389 1963 ut
414 1894 499 1961 nihil
527 1921 627 1988 super
651 1895 780 1962 duabus
811 1893 918 1986 iugeri
945 1893 1097 1985 partibus
1128 1894 1322 1962 discernere
1352 1895 1470 1986 possit.

353 1999 474 2065 Dicere
494 1998 583 2063 enim
602 1997 720 2064 solitus
745 2011 816 2063 erat
835 2023 914 2063 rex:
943 2024 962 2061 o
979 1996 1099 2066 Vellim
1119 2023 1276 2088 umquam
1293 1997 1473 2065 Arvernam
1490 2025 1517 2064 15
1603 2045 1604 2062 t

354 2101 581 2181 Lemanaeml,
594 2125 678 2190 quae
694 2111 805 2166 tantae
816 2098 1032 2166 iocunditatis
1043 2099 1149 2190 gratia
1158 2100 1323 2192 refulger'e
1336 2100 1471 2180 dicitur,

354 2203 459 2268 oculis
484 2226 633 2269 cernere.
656 2202 723 2268 Sed
739 2227 807 2267 non
827 2201 857 2267 ei
882 2225 899 2266 a
919 2203 990 2268 Deo
1016 2224 1212 2268 concessum
1237 2213 1298 2270 est.
1324 2205 1473 2294 Cumque

353 2319 469 2395 portae
490 2303 632 2372 civitatis
654 2306 827 2370 obseratae
844 2318 974 2387 essent,
993 2317 1025 2370 et
1045 2305 1134 2370 unde
1152 2305 1380 2396 ingrediretur
1396 2332 1473 2398 per-

353 2407 442 2475 vium
457 2408 606 2498 patulum
624 2432 692 2473 nou
709 2407 865 2490 haberet,
890 2406 1030 2474 incisam
1048 2405 1211 2473 Arcadius
1230 2433 1354 2478 serram
1376 2410 1475 2476 unius

354 2523 469 2601 portae
490 2536 565 2576 eum
587 2509 711 2576 civitati
734 2509 929 2578 intromisit.
952 2514 1040 2576 Dum
1059 2512 1143 2575 haec
1172 2525 1363 2601 agerentur,
1389 2538 1520 2579 nun-ao
1603 2535 1604 2540 ’

354 2615 455 2681 tiatur
472 2614 717 2680 Theodericum
731 2613 839 2679 vivum
859 2613 900 2679 de
917 2613 1133 2704 Thoriugiam
1153 2615 1255 2681 fuisse
1271 2641 1472 2708 regressum.

398 2787 438 2848 X.
457 2783 555 2868 Quod
569 2782 753 2848 certissime
771 2781 1009 2848 Childebertus
1026 2806 1248 2875 cognuscens‚¹
1267 2788 1308 2851 ab
1324 2787 1475 2854 Arverno

356 2885 455 2952 rediit
476 2898 509 2950 et
530 2884 723 2974 Hispaniam
756 2898 896 2975 propter
927 2911 1075 2952 sororem
1102 2911 1194 2952 suam
1226 2890 1474 2957 Chlotehildem

355 2988 480 3080 dirigit.
509 2990 597 3052 llaec
622 3011 700 3084 vero
730 2988 849 3053 multas
872 2988 1012 3054 insidias
1036 2991 1078 3054 ab
1103 2989 1289 3057 Amalarico
1314 2993 1385 3058 viro
1414 3017 1474 3060 sno

355 3104 493 3180 propter
516 3089 616 3155 fidem
635 3089 834 3156 catholicam
858 3091 1058 3180 patiebatur.
1082 3095 1164 3160 Nam
1185 3093 1382 3185 plerumque
1399 3121 1476 3186 pro·
1491 3137 1522 3176 25

356 3193 496 3260 cedente
515 3193 572 3257 illa
591 3193 632 3257 ad
656 3205 804 3258 sanctam
824 3194 997 3276 eclesiam,
1020 3208 1167 3262 stercora
1189 3209 1222 3262 et
1240 3197 1390 3264 diversos
1408 3200 1476 3264 fae·-

355 3309 445 3362 tores
466 3320 566 3386 super
587 3317 659 3361 eam
682 3295 789 3385 proici
811 3297 1015 3388 imperabat,
1041 3311 1226 3366 extremum
1250 3314 1359 3367 autem
1384 3313 1477 3368 tanta

356 3423 430 3464 eum
449 3398 646 3464 crudelitate
673 3396 797 3464 dicitur
819 3400 1019 3482 caecidisse,
1041 3414 1078 3466 ut
1100 3401 1262 3469 infectum
1278 3404 1320 3470 de
1338 3405 1477 3494 proprio

357 3499 520 3590 sanguine
543 3498 712 3565 sudarium
742 3501 834 3566 fratri
858 3502 1116 3586 transmitteret,
1145 3505 1234 3570 unde
1254 3506 1312 3571 ille
1335 3507 1477 3574 maxime

358 3614 559 3685 commotus,
606 3603 782 3691 Hispanias
820 3604 991 3694 appetivit.
1029 3605 1234 3672 Amalaricus
1274 3633 1352 3674 vero
1393 3611 1526 3677 haecso

358 3703 513 3785 audiens,
530 3727 631 3768 naves
650 3704 690 3768 ad
711 3705 906 3796 fugiendum
928 3722 1033 3798 parat.
1058 3711 1163 3774 Porro
1179 3710 1366 3776 inminente
1383 3711 1478 3777 Chil-

357 3807 509 3890 deberto‚
530 3830 604 3872 cum
621 3805 773 3872 Alaricus
791 3833 907 3874 navem
922 3810 1061 3877 deberet
1076 3812 1270 3893 ascendere,
1292 3813 1322 3879 ei
1337 3812 1372 3878 in
1388 3839 1479 3881 men-

357 3920 424 3974 tem
443 3908 549 3989 venit,
576 3907 826 3974 multitudinem
856 3935 892 3976 se
918 3912 1161 4000 praetiosorum
1188 3913 1337 4005 lapidum
1362 3917 1397 3982 in
1418 3943 1480 3984 suo

241 4022 295 4077 rol.
309 4027 348 4078 35.
358 4012 514 4076 thesauro
532 4009 719 4100 reliquisse.
739 4009 753 4102 ll
771 4013 921 4102 Cumque
942 4014 983 4081 ad
1010 4016 1145 4081 eosdem
1165 4019 1329 4104 petendos
1345 4021 1380 4084 in
1402 4019 1480 4086 civi-

357 4127 459 4180 tatem
476 4112 723 4206 regrederetur,
741 4115 783 4180 ab
799 4115 947 4182 exercitu
963 4141 980 4181 a
998 4130 1095 4207 porto
1106 4119 1260 4186 exclusus
1274 4134 1334 4187 est.
1351 4121 1481 4190 Videas
1497 4153 1532 4193 as

359 4231 485 4300 autem,
508 4241 543 4282 se
561 4242 629 4283 non
647 4239 745 4307 posse
773 4218 932 4299 evadere,
956 4221 998 4285 ad
1015 4220 1171 4286 eclesiam
1192 4222 1483 4318 Christianorumss

361 4326 1480 4351 ...-.............-....—.—...............-

392 4372 415 4421 l.
434 4376 506 4421 Corr.
520 4372 668 4422 Lemanem·
