3226 5156
391 412 557 471 HISTORIAE
574 411 775 465 rnancoauu
791 411 888 462 LIBER
906 411 951 462 ΠΙ.
1074 449 1076 454 .
1200 416 1231 474 95

107 528 402 610 Theodobertum,
432 553 573 621 regnum
602 529 673 598 eius
702 529 832 608 auferre
866 529 1060 614 voluerunt,
1089 529 1229 612 sedilia

107 633 303 698 muneribus
336 633 476 722 placatis
502 657 520 698 a
543 631 699 700 leudibus
725 633 794 700 suis
827 631 1021 700 defensatus
1055 644 1106 698 est
1126 644 1170 708 ,et
1194 631 1230 698 in

106 759 250 826 regnum
278 736 455 802 stabilitus.
483 735 621 803 Mittens
648 747 764 826 postea
795 734 998 818 Arvernum,
1038 736 1229 802 Deoteriam

107 837 231 902 exinde
249 838 421 906 arcessivit
438 863 576 929 eamque
592 837 657 904 sibi
675 837 710 904 in
722 838 934 904 matrimonio
950 837 1100 905 sociavit.

79 1045 92 1083 s
153 1023 289 1090 XXIIII.
311 1023 438 1092 Videns
459 1034 569 1088 autem
588 1021 844 1102 Childebertus,
870 1023 960 1111 quod
985 1020 1016 1086 ei
1039 1021 1230 1111 praevalere

108 1148 177 1190 non
203 1124 388 1214 potuisset,
409 1123 612 1217 legationem
636 1125 677 1190 ad
704 1148 779 1189 eum
810 1123 903 1189 misit
923 1136 957 1189 et
985 1124 1026 1190 ad
1055 1148 1090 1190 se
1116 1125 1230 1192 venire

106 1226 293 1318 praecipit,
310 1227 426 1294 dicens
449 1227 616 1294 :eFilios
630 1249 710 1298 ¹nou
732 1228 859 1308 habeo,
883 1239 916 1292 te
937 1239 1104 1317 tamquam
1126 1225 1230 1306 filium

107 1330 235 1395 habere
266 1329 434 1396 desidero.
461 1357 477 1394 a
507 1334 581 1415 Quo
602 1331 776 1412 veniente,
803 1327 906 1394 tantis
935 1325 1017 1395 eum
1037 1329 1231 1406 muneribus

107 1430 248 1514 ditavit,
265 1443 302 1496 ut
319 1433 361 1498 ab
376 1431 532 1499 omnibus
542 1417 735 1509 miraretur.
754 1434 837 1500 Nam
857 1433 1015 1498 derebus
1034 1434 1149 1514 bonis,
1164 1445 1231 1499 tam

69 1557 93 1598 to
108 1534 151 1599 de
182 1533 284 1600 armis
308 1534 465 1624 quamde
488 1535 637 1602 vestibus
659 1534 711 1603 vel
729 1534 868 1625 reliquis
894 1535 1119 1618 ornamentis,
1141 1536 1231 1625 quud
1329 1597 1332 1606 ,

108 1660 225 1728 regem
244 1637 369 1702 habere
383 1638 499 1719 decet,
516 1650 612 1712 terna
629 1637 660 1704 ei
681 1636 775 1726 paria
791 1638 1012 1718 condonavit,
1034 1637 1233 1714 similiteret

108 1739 153 1804 de
170 1739 340 1829 equitibus
365 1751 464 1830 atque
483 1739 613 1806 catinis.
643 1743 732 1806 Haeo
749 1739 888 1806 audiens
914 1740 1120 1832 sigivaldus,
1142 1739 1232 1830 quod
1279 1825 1280 1830 η

109 1840 242 1906 scilicet
275 1839 544 1932 Theolldobertus
560 1866 700 1933 regnum
717 1841 821 1932 patris
844 1841 1064 1924 obtinuisset,
1089 1843 1130 1908 ad
1155 1866 1295 1915 eumc01.
1309 1866 1361 1914 129.

109 1943 153 2008 de
170 1942 266 2008 ltalia
283 1942 393 2010 rediit.
419 1947 525 2029 Quem
545 1943 602 2010 ille
617 1945 767 2036 gaudens
785 1969 823 2010 ac
849 1945 1068 2027 deosculans,
1095 1944 1232 2012 terciam

70 2071 94 2112 as
109 2058 242 2138 partem
261 2045 292 2111 ei
316 2046 357 2112 de
378 2049 590 2130 muneribus,
611 2072 694 2138 quae
715 2072 733 2114 a
753 2061 873 2138 patruo
896 2051 1082 2139 acciperat,
1102 2062 1153 2115 est
1172 2049 1234 2117 lar-

110 2149 220 2240 gitus3
241 2160 274 2214 et
297 2148 427 2230 omnia,
452 2174 535 2240 quae
556 2149 591 2215 in
610 2149 692 2216 fisco
714 2175 773 2217 suo
794 2163 889 2240 pater
908 2175 987 2218 suus
1007 2164 1165 2241 posuerat
1193 2152 1234 2218 de

111 2251 215 2316 rebus
231 2250 412 2341 Sigivaldi,
424 2252 510 2342 patri
524 2253 612 2335 eius,
633 2252 698 2342 ipsi
717 2252 813 2320 reddi
829 2255 1005 2345 praecipit.

159 2437 259 2505 XXV.
283 2434 328 2502 At
357 2431 414 2500 ille
436 2434 471 2500 in
500 2459 605 2528 regno
632 2437 798 2520 firmatus,
821 2461 978 2529 magnum
1009 2463 1044 2504 se
1074 2450 1174 2528 atque
1200 2441 1233 2508 in

113 2539 206 2604 omni
241 2538 391 2602 bonitate
422 2536 639 2628 praecipuum
675 2537 833 2606 reddidit.
869 2541 948 2605 Erat
977 2540 1066 2605 enim
1095 2566 1235 2634 regnum

71 2667 97 2705 ao
113 2667 191 2706 oum
215 2639 343 2707 iustitia
364 2665 504 2731 regens,
525 2641 723 2706 sacerdotes·
742 2665 925 2723 venerans,
955 2642 1094 2710 eclesias
1123 2670 1235 2720 mune·

114 2769 209 2826 rans,
240 2766 405 2834 pauperes
430 2743 579 2809 relevans
606 2757 639 2810 et
664 2744 767 2809 multa
793 2745 906 2822 multis
933 2747 1096 2814 beneficia
1119 2750 1176 2840 pia
1198 2772 1235 2814 ao

113 2845 310 2912 dulcissima
328 2846 548 2912 accomodans
565 2846 745 2912 voluntate.
761 2847 860 2914 Omni
882 2847 1026 2932 tributo,
1047 2853 1136 2944 quod
1154 2851 1236 2917 fisco

115 2973 176 3014 suo
208 2948 249 3013 ad
273 2944 404 3014 eclesiis
432 2947 466 3012 in
495 2947 643 3013 Arverno
673 2947 745 3014 sitis
767 2950 1026 3035 reddebebatur,
1053 2954 1237 3020 clementer

114 3050 268 3116 indulsit.

73 3261 100 3300 as
160 3235 277 3302 XXVI.
299 3233 456 3298 Deoteria
469 3255 548 3298 vero
565 3257 706 3298 cernens
727 3230 828 3299 filiam
854 3257 945 3300 suam
967 3233 1062 3300 valde
1090 3232 1236 3302 adultam

116 3361 207 3417 esse,
230 3334 369 3416 timens,
392 3357 434 3399 ne
457 3357 529 3399 eam
550 3335 793 3425 concupiscens
815 3358 873 3400 rex
893 3335 957 3410 sibi
976 3337 1182 3422 adsumeret,
1202 3339 1236 3404 in

116 3441 275 3505 basterna
292 3435 418 3527 posita,
441 3435 613 3502 indomitis
626 3438 736 3503 bubus
755 3437 961 3519 coniunctis,
986 3462 1057 3504 eam
1075 3441 1116 3506 de
1133 3454 1236 3530 ponte

116 3537 366 3631 praecipitavit3
388 3538 525 3629 quaein
544 3538 618 3629 ipso
633 3537 769 3605 flumine
789 3537 943 3629 spiritum
963 3540 1122 3608 reddidit.
1140 3537 1302 3632 ll'Hoorol.
1316 3559 1354 3606 aa.

117 3643 206 3733 apud
217 3637 424 3711 Viredunum
445 3641 610 3708 civitatem
623 3655 732 3709 actum
746 3654 807 3708 est.

77 3853 103 3894 ao
162 3825 295 3893 XXVII.
322 3825 405 3889 Cum
428 3823 493 3889 iam
515 3823 676 3913 septimus
706 3848 812 3889 annus
836 3837 941 3906 esset,
966 3826 1057 3915 quod
1075 3825 1238 3918 Wisigar-

119 3929 195 3994 dem
210 3925 439 4016 disponsatam
458 3927 615 4008 haberet,
638 3937 671 3998 et
690 3949 761 3992 eam
781 3941 921 4018 propter
939 3928 1130 3994 Deoteriam
1151 3931 1239 3996 acci·
1286 4016 1307 4023 ‚.
1336 4019 1337 4022 Ἴ
1362 4019 1364 4022 Ι

118 4055 198 4119 pere
214 4028 339 4109 nollet,
360 4027 530 4104 coniuncti
551 4029 671 4095 Franci
691 4042 807 4095 contra
825 4055 900 4097 eum
921 4030 1016 4096 valde
1036 4027 1268 4108 scandaliza-'²'
1325 4055 1327 4060 ·
1370 4057 1371 4060 ¹

120 4133 254 4213 bantur,
275 4155 376 4221 quare
392 4153 549 4221 sponsam
565 4155 657 4197 suam
680 4132 895 4222 relinqueret.
922 4135 1015 4199 Tune
1040 4144 1237 4214 commotus,

120 4234 277 4300 Deoteria
292 4233 426 4314 relicta,
449 4233 490 4297 de
508 4234 758 4323 quaparvulum
783 4233 890 4308 filium
914 4233 1061 4300 habebat
1088 4229 1239 4312 Theodo·

120 4336 255 4401 baldum
288 4335 441 4418 nomine,
475 4335 709 4426 Wysigardem
735 4335 828 4402 duxit
863 4358 1010 4402 uxorem.
1043 4339 1148 4420 Quam
1173 4329 1241 4401 'trec
