3256 5144
419 405 584 456 lllSTORlAE
602 405 801 455 Fannconutt
821 407 918 455 LlBER
936 406 976 456 Vl.
1217 410 1260 456 221

140 526 355 615 captivosque
393 524 555 589 relaxans.
592 522 635 587 At
663 519 719 586 isti
748 521 805 610 qui
841 521 1005 588 Bituricus
1040 523 1259 602 obsidebant,

140 639 278 716 accepto
307 625 481 705 mandato,
517 637 554 690 ut
582 635 829 704 reverterentur
857 625 897 688 ad
925 624 1115 714 propriam,
1153 637 1261 691 tantas

140 731 280 819 praedas
296 753 408 793 secum
429 727 648 806 sustulerunt,
660 738 698 791 ut
711 725 818 791 omnis
830 725 922 816 regio
941 725 1010 806 illa,
1029 729 1118 792 unde
1135 723 1272 818 egressi

141 844 234 909 sunt,
249 831 345 896 valde
360 841 535 920 putaretur
548 841 704 894 evacuata
720 828 771 892 vel
789 828 831 892 de
847 827 1040 894 hominibus
1056 830 1108 894 vel
1125 829 1263 918 deipsis

114 933 332 1023 apecoribus.
378 934 554 1022 Ingressus
593 955 726 1020 quoque
763 931 928 995 exercitus
963 931 1130 996 Desiderii
1164 945 1264 1020 atque

141 1033 306 1101 Bladastis
328 1057 390 1123 per
414 1034 635 1110 Toronicum‚
661 1029 832 1115 incendia,
860 1033 1001 1121 praedas
1026 1045 1059 1098 et
1082 1033 1265 1100 homicidia

141 1150 231 1201 tanta
259 1138 423 1217 lecerunt,
455 1135 542 1200 sicut
571 1133 658 1199 solet
681 1146 798 1198 contra
823 1133 978 1198 inimicos
1005 1134 1094 1215 ficri;
1123 1160 1199 1200 nam
1232 1148 1266 1200 et

142 1238 290 1329 captivos
310 1239 534 1318 abduxerunt,
553 1238 596 1302 de
616 1237 738 1325 quibus
756 1235 769 1326 ll
786 1237 971 1325 expoliatos
986 1237 1150 1327 plurimos
1170 1251 1331 1327 post-001,
1345 1262 1399 1308 aue,

142 1367 179 1408 ea
198 1340 417 1407 demiserunt.
449 1340 656 1405 Subsecutus
680 1350 731 1403 est
755 1339 890 1403 morbus
915 1363 1075 1428 pecorum
1096 1339 1184 1405 lianc
1202 1340 1265 1406 cla·

103 1471 127 1509 ra
143 1445 235 1524 dem,
258 1446 304 1508 ita
330 1456 367 1508 ut
388 1441 443 1508 vix
461 1441 512 1506 vel
533 1439 666 1506 initium
687 1453 891 1520 remaneret,
919 1465 1107 1531 novumque
1132 1456 1222 1508 esset
1237 1443 1251 1534 ll

144 1547 170 1611 si
186 1545 306 1636 aliquis
325 1558 381 1610 aut
398 1547 582 1611 iumentum
603 1543 745 1622 videret,
761 1557 817 1608 aut
838 1557 992 1609 cerneret
1009 1546 1174 1612 buculam.
1198 1546 1266 1612 Sed
1277 1563 1379 1612 notet.

143 1650 221 1715 dum
239 1650 321 1714 haec
337 1659 528 1739 agerentur,
547 1646 808 1711 Childcbcrthus
825 1671 882 1710 rex
898 1670 971 1711 cum
991 1646 1138 1712 exercitu
1154 1672 1213 1713 suo
1231 1647 1266 1712 in

143 1776 210 1817 uno
226 1751 300 1816 loco
316 1749 504 1814 resedebat.
520 1750 627 1814 Nocte
643 1761 753 1812 autem
772 1749 914 1837 quadam
934 1761 1120 1814 commotus
1137 1749 1266 1815 exerci-

143 1867 209 1926 tus,
227 1875 382 1942 magnum
401 1862 671 1915 murmorcontra
691 1849 845 1940 Egidium
864 1851 1058 1940 episcopum
1076 1865 1109 1916 et
1124 1850 1267 1916 ducibus

105 1982 129 2019 n
146 1953 233 2046 regis
249 1955 358 2018 minor
376 1952 521 2042 populus
539 1951 678 2016 elevavit
694 1977 731 2016 ac
751 1952 933 2017 vociferare
950 1953 1062 2043 coepit
1082 1966 1114 2018 et
1133 1953 1268 2043 publice

144 2055 350 2146 proclamare
378 2081 385 2119 ε
411 2081 428 2116 a
458 2053 633 2119 Tollantur
662 2078 679 2118 a
706 2055 789 2120 facie
824 2055 913 2145 regis
942 2057 999 2144 qui
1028 2081 1168 2146 regnum
1196 2057 1268 2122 eius

145 2158 349 2235 venundant,
370 2155 520 2220 civitates
553 2155 643 2220 illius
672 2156 894 2221 dominationi
930 2157 1066 2223 alterius
1101 2158 1266 2237 subdunt,

145 2260 305 2352 populum
319 2259 425 2348 ipsius
442 2258 604 2347 principis
621 2258 757 2323 alterius
773 2257 959 2323 ditionibus
975 2257 1122 2323 tradunt.
1145 2286 1161 2321 u
1182 2263 1268 2324 Dum

145 2365 228 2429 haec
258 2375 289 2427 et
317 2361 370 2424 his
405 2359 525 2424 similia
556 2359 772 2426 vociferando
801 2359 1007 2447 proferrent,
1037 2361 1123 2424 sacto
1157 2385 1266 2439 mane,

104 2493 131 2531 uo
147 2466 377 2555 adpraehenso
396 2486 562 2526 armorum
582 2473 761 2550 apparatu,
780 2460 820 2526 ad
836 2460 1019 2525 tentorium
1040 2461 1128 2552 regis
1146 2487 1268 2550 propc-

147 2580 232 2646 rant,
253 2565 383 2630 scilicet
400 2577 435 2628 ut
453 2564 719 2651 adpraehensum
740 2564 935 2652 episcopum
957 2563 1009 2627 vcl
1031 2563 1220 2628 senioribus
1239 2563 1269 2629 vi

146 2669 388 2758 opprimerent,
401 2665 597 2730 verberibus
615 2664 811 2742 adficerent,
826 2664 948 2753 gladiis
960 2665 1156 2730 lacerarent.
1171 2666 1271 2748 Quod

148 2784 325 2860 conperto,
362 2769 517 2834 sacerdos
547 2767 657 2857 lugam
693 2765 788 2845 iniit,
826 2791 1034 2856 ascensuque
1065 2766 1194 2856 equite,
1230 2768 1270 2832 ad

149 2875 264 2939 urbem
283 2869 451 2962 propriam
468 2867 587 2935 tendit.
606 2869 653 2934 Ac
665 2868 809 2958 populus
828 2868 884 2933 ille
901 2893 975 2935 cum
993 2870 1137 2934 clamore
1152 2894 1271 2958 seque·

106 3003 133 3042 25
149 2980 258 3054 batur,
286 2973 455 3065 proiciens
482 2984 559 3062 post
587 2996 661 3037 eum
691 2970 821 3061 lapides
859 2995 1084 3062 evomensque
1113 2970 1267 3037 convitia.

148 3080 291 3168 Fuitque
314 3090 394 3143 tunc
420 3075 450 3140 ei
471 3078 553 3141 haec
576 3098 674 3140 causa
699 3072 921 3162 praesidium,
951 3075 1041 3163 quod
1066 3073 1114 3139 hii
1139 3087 1272 3163 paratos

150 3181 279 3271 equites
302 3205 367 3244 non
395 3179 575 3244 habebant.
603 3179 758 3243 Attamen
791 3175 922 3240 lassatis
960 3175 1126 3240 sociorum
1157 3175 1270 3264 equis,

151 3283 241 3348 solus
275 3279 446 3370 pertendit
476 3278 675 3367 episcopus,
715 3289 809 3341 tanto
843 3276 962 3341 timore
988 3278 1205 3364 perterritum
1238 3290 1274 3342 ut

152 3409 248 3450 unam
266 3383 405 3474 caligam
424 3383 465 3446 dc
483 3380 569 3470 pede
590 3380 736 3469 elapsam
757 3379 901 3468 allegare
920 3401 986 3442 non
1006 3391 1147 3444 curaret.
1165 3381 1205 3443 Et
1226 3379 1274 3442 sic

108 3514 134 3552 aa
152 3512 255 3576 usque
272 3485 438 3551 civitatem
453 3483 603 3562 veniens,
620 3506 655 3547 se
669 3481 753 3546 inl'ra
770 3504 938 3545 murorum
952 3479 1166 3546 Remeusium
1181 3492 1274 3567 septa

151 3589 327 3654 conclusit.

195 3813 301 3878 XXlll
317 3809 393 3898 (32).
416 3809 502 3874 Ante
519 3831 644 3896 paucos
670 3831 749 3870 vcro
769 3830 902 3870 menses
928 3803 1100 3871 Leodastis
1119 3803 1153 3868 in
1174 3805 1274 3869 Toro-

151 3915 227 3983 uico
255 3939 329 3980 cum
353 3924 534 4002 praecepto
562 3907 650 3998 regis
677 3909 828 3985 advenit,
860 3920 897 3971 ut
922 3931 1059 3972 uxorem
1091 3904 1273 3993 reciperet,

151 4019 265 4107 ibique
289 4027 561 4081 commoraretur.
591 4012 659 4078 Sed
689 4024 722 4076 ct
744 4010 841 4075 nobis
864 4009 1041 4098 epistolam
1064 4006 1275 4072 sacerdotum

108 4145 136 4186 ³5
153 4145 251 4186 manu
273 4119 496 4185 subscribtam
519 4113 656 4189 detulit,
680 4125 722 4178 ut·
739 4114 772 4176 in
799 4111 1033 4176 communione
1055 4107 1273 4198 reciperetur.

153 4223 218 4288 Sed
247 4219 404 4312 quoniam
437 4217 565 4284 litteras
595 4216 730 4306 reginae
759 4239 826 4278 nou
851 4213 1011 4290 vidimus,
1047 4209 1141 4276 cuius
1177 4233 1277 4279 causa
