3238 5140
338 469 351 514 8
620 463 777 514 GREGORll
795 462 1002 514 tunonensis
1020 465 1169 514 EPISCOPI

381 587 434 651 Vl.
464 585 612 672 Cumque
628 581 839 670 multiplicati
854 581 1007 648 homines
1020 583 1295 672 dispergerentur
1308 605 1370 670 per
1382 582 1452 645 uni·

336 711 430 752 versa
451 698 556 762 terra,
581 683 707 774 egressi
728 686 769 748 ab
787 685 945 766 Oriente,
968 686 1139 750 Seuachar
1155 682 1362 775 gramineum
1380 707 1452 771 rep-

337 787 471 877 periunt
488 810 657 874 campum,
677 785 712 850 in
732 811 798 876 quo
817 786 1031 852 aedificantes
1049 787 1233 866 civitatem,
1254 800 1378 852 turrem
1395 787 1453 875 qui

338 889 446 956 caelos
461 888 649 979 adtingeret
663 888 815 953 nituntur
830 899 968 955 struere.
989 894 1137 973 Quorum
1150 914 1233 954 vana
1248 888 1452 980 cogitatione

339 993 436 1058 simul
469 1004 503 1057 et
527 990 641 1081 lingua
664 990 837 1081 ipsiusque
860 992 1035 1058 confutans
1063 996 1171 1072 Deus,
1200 992 1360 1056 mundum
1386 989 1481 1054 latos

337 1107 507 1184 patentem
532 1093 567 1158 in
591 1091 744 1158 universa
768 1107 857 1160 terra
884 1094 1061 1184 dispersit,
1085 1108 1304 1185 vocatumque
1331 1117 1453 1159 nomen

338 1196 480 1262 civitatis
502 1195 624 1283 Babyl,
650 1197 714 1262 hoc
738 1209 790 1288 est
816 1197 987 1276 confusio,
1005 1223 1045 1263 eo
1063 1199 1153 1287 quod
1179 1197 1226 1262 ibi
1246 1193 1454 1294 confudisset

338 1301 427 1364 Dens
443 1297 573 1386 linguas
589 1320 714 1363 eorum.
734 1302 821 1364 Haec
836 1312 887 1364 est
903 1300 1086 1388 Babylonia
1101 1301 1142 1364 ab
1158 1302 1292 1365 Hebron
1307 1309 1452 1388 gygante

338 1400 527 1479 aedificata,
554 1399 622 1464 filio
647 1402 750 1466 Chus.
778 1400 873 1468 Sicut
895 1402 1014 1468 Horosi
1036 1416 1149 1468 narrat
1178 1401 1335 1481 historia,
1370 1399 1452 1464 mira

338 1503 445 1592 campi
470 1503 629 1592 planitiae
655 1506 690 1568 in
717 1505 880 1592 quadrum
907 1504 1070 1594 disposita
1096 1519 1157 1571 est.
1185 1507 1300 1571 Murus
1321 1503 1391 1569 eius
1412 1525 1452 1567 ex
1469 1527 1498 1565 10

338 1607 449 1673 coctili
462 1608 565 1672 latere
576 1605 684 1672 infusa
698 1607 861 1672 bitumine
874 1607 908 1672 in
920 1609 1021 1674 latum
1035 1610 1137 1674 habet
1148 1608 1279 1673 cubitos
1291 1605 1451 1696 quinqua·

283 1695 288 1712 ⁸
336 1710 448 1801 ginta,
466 1709 652 1775 altitudinis
669 1711 800 1775 cubitos
817 1711 1000 1790 ducent0S,
1018 1711 1052 1776 in
1073 1710 1214 1778 circuitu
1234 1709 1359 1776 stadios
1375 1731 1452 1797 qua·

337 1812 534 1904 dringentos
573 1813 795 1902 septuaginta.
838 1815 931 1879 Unus
972 1814 1098 1879 stadius
1131 1815 1233 1879 hahet
1275 1811 1453 1900 aripennes

336 1917 496 2005 quinque.
525 1913 662 1982 Vicinae
692 1915 814 2004 quinae
841 1929 956 2005 portae
985 1941 1046 2006 per
1074 1940 1344 2007 unumquemque
1367 1912 1453 1976 latus

338 2018 419 2083 sitae
449 2029 541 2099 sunt,
570 2043 653 2106 quae
675 2019 800 2083 faciunt
832 2032 976 2085 centum.
1008 2023 1131 2086 Harum
1162 2033 1331 2109 portarum
1361 2027 1499 2082 oslea15

338 2121 440 2185 mirae
460 2119 701 2210 magnitudinis
727 2146 767 2185 ex
786 2145 861 2186 aere
884 2121 999 2187 fusilae
1023 2136 1101 2188 sunt
1125 2125 1273 2190 formata.
1298 2123 1402 2189 Multa
1420 2129 1454 2182 et

337 2225 400 2288 alia
419 2224 534 2288 dehac
550 2223 682 2288 civitate
697 2223 828 2290 hisdem
847 2225 1138 2317 historiographus
1158 2240 1279 2307 narrat,
1296 2227 1423 2292 addens
1444 2255 1450 2292 :

336 2330 470 2391 Etcum
487 2326 563 2390 talis
579 2327 698 2415 fuisset
722 2327 876 2392 honestas
897 2330 1057 2416 aedificii,
1079 2345 1225 2396 attamen
1244 2337 1328 2396 victa
1347 2332 1455 2422 adque

337 2431 496 2494 subversa
511 2443 568 2493 est.

382 2603 453 2668 Vll.
479 2601 609 2667 Primus
628 2609 737 2664 autem
760 2599 846 2663 silius
867 2601 937 2666 Noe
965 2603 1059 2682 Sem;
1088 2602 1214 2691 dequo
1235 2606 1452 2694 generatione
1467 2634 1500 2672 a)

338 2702 467 2768 decima
495 2714 592 2766 natus
619 2714 670 2766 est
688 2702 882 2766 Abraham:
910 2702 1018 2767 idest
1045 2705 1128 2784 Noc,
1159 2707 1253 2781 Sem,
1278 2706 1453 2788 Arlaxath,

340 2806 428 2885 Sale,
459 2806 582 2884 Heber,
621 2804 760 2883 Falech,
792 2805 906 2884 Rheu‚
939 2807 1079 2883 Saruch,
1100 2807 1319 2898 Tharae,qui
1338 2810 1456 2900 genuit

339 2907 517 2972 Abraham.
546 2909 582 2971 ln
610 2905 662 2970 his
685 2929 765 2996 ergo
787 2906 895 2971 decim
919 2907 1210 2997 generationibus,
1240 2912 1456 2977 inveniuntur

341 3011 418 3075 anni
434 3009 609 3075 DCCCC1.
630 3010 1137 3099 EotemporeregnabatNinus,
1154 3011 1212 3101 qui
1225 3013 1411 3078 aedificavit
1426 3014 1440 3106 Η

340 3115 462 3180 Ninum
474 3112 653 3191 civitatem,
665 3135 762 3200 quam
771 3110 921 3177 Nineven
936 3126 1072 3192 vocant;
1091 3115 1183 3180 cuius
1194 3116 1229 3180 in
1240 3115 1347 3180 tribus
1360 3141 1453 3181 man·
1471 3147 1503 3185 25

341 3215 492 3281 sionibus
518 3216 661 3303 spatium
685 3212 914 3302 amplitudinis
935 3217 1032 3280 lonas
1056 3219 1221 3306 propheta
1238 3204 1451 3284 determinat.

342 3317 446 3383 Huius
463 3315 710 3408 quadragisimo
727 3315 831 3381 tercio
850 3319 944 3407 regui
967 3343 1054 3385 anno
1079 3332 1176 3386 natus
1197 3333 1248 3386 est
1273 3322 1452 3388 Abraham.

341 3420 402 3485 Hic
426 3433 476 3486 est
496 3422 662 3486 Abraham
687 3417 818 3484 initium
843 3419 920 3484 fidei
944 3435 1088 3486 nostrae.
1116 3422 1177 3488 Hic
1200 3423 1323 3513 accipit
1340 3448 1455 3514 repro·

342 3523 528 3589 missiones.
554 3522 639 3589 Huic
659 3547 693 3588 se
716 3521 869 3588 Christus
888 3523 1041 3589 dominus
1063 3538 1176 3591 noster
1196 3526 1399 3593 nasciturum
1418 3553 1456 3594 ac

341 3651 402 3714 pro
422 3628 520 3692 nobis
537 3650 711 3715 passurum
731 3626 766 3689 in
781 3625 934 3690 victimae
946 3627 1228 3694 conmutationem
1246 3627 1454 3712 monstravit,
1473 3660 1505 3700 ao

225 3727 416 3818 Col.lt.ipso
449 3730 485 3794 in
520 3728 704 3819 euangeliis
732 3727 779 3793 sic
813 3726 987 3819 dillcente:
1019 3729 1190 3796 Abraham
1217 3733 1392 3814 enatavit,
1423 3750 1457 3799 ut

343 3834 464 3898 videret
486 3834 570 3898 diem
597 3857 727 3912 meum3
758 3846 788 3896 et
813 3835 906 3913 cidit,
937 3848 967 3898 et
996 3840 1131 3924 gavisus
1157 3837 1239 3900 cett
1279 3840 1349 3902 Hoc
1377 3861 1456 3902 vero

341 3936 597 4002 holochaustum
617 3935 652 4000 in
670 3948 781 4001 monte
803 3936 986 4020 Calvariae,
1010 3962 1076 4028 quo
1095 3937 1258 4004 Dominus
1280 3938 1456 4006 crucifixus

342 4053 404 4120 est,
424 4038 570 4104 oblatum
599 4037 718 4119 fuisse,
746 4041 888 4106 Severus
919 4052 1031 4105 narrat
1054 4039 1089 4105 in
1114 4040 1291 4124 chronica,
1318 4040 1404 4108 sicut
1421 4056 1455 4107 et

371 4355 392 4402 l.
413 4354 527 4418 Spatium
538 4356 647 4420 quiaque
659 4354 800 4404 litterarum
813 4373 916 4405 cocitum
928 4355 1041 4404 relictum
1051 4363 1095 4406 eat.
1109 4385 1140 4394 -
1150 4359 1172 4406 2.
1184 4359 1254 4406 loan.
1268 4361 1294 4415 8,
1309 4361 1346 4406 56.
