3220 5158
407 391 572 466 marorum
588 395 789 464 mancoaun'
806 411 902 464 tiana
919 417 965 464 111.
1214 409 1243 466 aa

124 531 270 624 quarum
287 557 345 600 ora
364 541 480 623 operta
507 534 612 598 denso
640 531 759 626 cispite
783 533 926 622 planum‘
941 533 1133 600 adsimilant
1157 559 1245 601 cam-

123 661 216 726 pum.
246 641 284 702 ln
312 636 365 702 his
393 660 474 728 ergo
499 635 602 701 fov'eis
627 659 701 700 cum
730 657 880 727 pugnare
910 637 1122 727 coepissent,
1152 637 1247 703 multi

122 741 331 806 Francorum
351 739 483 829 equites
498 745 714 818 corruerunt,
734 751 767 803 et
781 739 843 804 fuit
859 735 906 826 eis
926 740 1021 805 valde
1038 740 1246 831 inpedimen-

124 853 216 922 tum;
253 843 319 929 sed·
349 841 520 933 cognitum
546 839 636 905 hunc
671 841 801 922 dolum,
838 844 1015 908 observare
1050 855 1244 933 coeperunt.

96 943 284 1034 {Denique
317 969 391 1009 curn
426 969 461 1009 se
495 941 657 1034 Thoringi
688 943 782 1008 caedi
818 946 1033 1010 vehementer
1074 945 1246 1034 viderent,

126 1049 243 1140 fugato
277 1047 539 1113 Hermenefredo
563 1045 642 1138 'regi
666 1045 833 1135 ipsorum,
854 1060 949 1139 terga
969 1061 1103 1114 vertunt
1136 1062 1168 1138 et
1207 1051 1248 1115 ad

127 1149 355 1217 Onestrudem
374 1149 508 1215 fluvium
526 1173 632 1240 usque
652 1149 868 1238 perveniunt.
886 1150 1004 1241 Ibique
1024 1165 1116 1218 tanta
1137 1154 1248 1220 caedis

127 1279 169 1319 ex
184 1254 366 1344 Thoringis
381 1253 466 1318 facta
482 1266 548 1334 est,
566 1265 602 1317 ut
622 1251 733 1317 alveus
754 1250 900 1331 fluminis
919 1277 936 1317 a
957 1257 1152 1321 cadaverum
1173 1279 1248 1320 con·

126 1356 242 1448 geriae
267 1356 465 1445 repleretur,
491 1368 527 1432 et,
544 1353 665 1421 Franci
685 1367 853 1442 tamquam
868 1381 929 1446 per
952 1371 1089 1447 pontem
1114 1358 1249 1448 aliquod

82 1486 110 1524 rc
127 1485 230 1551 super
246 1485 302 1525 eos
322 1455 356 1522 in
372 1457 450 1524 litus
466 1457 626 1523 ulteriore
640 1455 859 1523 transierunt.
874 1461 1041 1525 Patratain
1056 1484 1135 1552 ergo
1146 1461 1247 1527 victo·

128 1560 228 1644 riam,
265 1557 436 1652 regionem
472 1559 562 1625 illam
596 1557 788 1651 callpessunt
823 1574 855 1626 et
897 1558 1051 1628 insuam
1091 1562 1379 1654 rediguntcol.112.

126 1677 340 1756 potestatem.
382 1659 661 1742 Chlothacharius
690 1685 768 1727 vero
801 1663 952 1744 rediens,
994 1664 1246 1754 Radegundem,

125 1761 230 1833 filiam
250 1764 416 1833 Bertharii
437 1763 543 1855 regis,
566 1789 678 1830 secum
699 1763 861 1855 captivam
873 1765 1009 1832 abduxit
1030 1765 1160 1857 sibique
1177 1791 1248 1832 eam

125 1869 163 1936 in
189 1867 402 1935 matrimonio
431 1865 584 1946 sociavit3
608 1865 701 1931 cuius
726 1867 862 1932 fratrem
889 1880 1006 1957 postea
1036 1867 1159 1960 iniuste
1188 1893 1249 1958 per

82 1999 109 2038 15
126 1971 284 2036 homines
310 1968 445 2059 iniquos
475 1966 610 2033 occidit.
639 1969 699 2034 Illa
722 1993 854 2059 quoque
880 1971 920 2035 ad
940 1974 1048 2036 Deum
1069 1996 1245 2052 conversa,

96 2076 99 2082 ’
128 2063 255 2141 mutata
274 2085 384 2154 veste,
411 2069 650 2137 monasterium
671 2071 735 2137 sibi
760 2074 846 2138 intra
869 2076 1106 2140 Pectavensem
1130 2077 1248 2141 urbem

128 2176 327 2246 construxit.
366 2178 457 2271 Quae
491 2173 718 2254 orationibus,
753 2173 877 2266 vigiliis
903 2189 1001 2266 atque
1035 2175 1247 2266 aelymosinis

127 2280 293 2372 praedita,
314 2274 349 2342 in
365 2289 494 2343 tantum
511 2269 663 2374 emicuit,
674 2289 711 2340 ut
724 2301 842 2366 magna
857 2277 891 2341 in
903 2273 1036 2367 populis
1054 2281 1244 2346 haberetur.

128 2387 213 2473 Cum
234 2395 343 2472 autem
363 2380 472 2445 adhuc
494 2377 676 2469 supradicti
702 2403 797 2468 reges
816 2381 851 2472 in
877 2379 1094 2471 Thoringiam
1115 2395 1245 2466 essent,

81 2513 110 2551 ao
128 2480 360 2568 Theodoricus
377 2483 512 2548 fratrem
530 2507 625 2548 suum
646 2481 941 2548 Chlothacharium
958 2485 1112 2570 occidere
1124 2485 1244 2569 voluit,

130 2603 163 2678 et
186 2585 393 2679 praeparatis
421 2583 571 2670 occultae
594 2608 668 2650 eum
692 2608 781 2668 arma
800 2585 896 2667 viris,
917 2612 991 2668 eum
1018 2585 1115 2652 adse
1140 2601 1248 2670 vocat,

131 2691 226 2782 quasi
248 2687 408 2755 secretius
435 2713 509 2754 cum
534 2711 573 2752 eo
602 2685 728 2777 aliquid
755 2699 975 2768 tractaturus,
1004 2713 1249 2781 expansamque

131 2795 166 2859 in
192 2805 286 2883 parte
304 2792 422 2856 domus
443 2790 533 2855 illius
557 2792 738 2854 tentorium
760 2790 801 2854 de
821 2815 888 2856 uno
905 2791 1039 2880 'pariete
1059 2791 1093 2856 in
1124 2793 1247 2873 altero,

129 2909 275 2962 armatos
304 2907 381 2985 post
403 2918 478 2960 cum
514 2906 600 2958 stare
626 2891 730 2958 iubet.
762 2894 913 2982 Cumque
946 2894 1128 2961 tentorium
1164 2895 1248 2960 illud

82 3029 113 3066 25
130 3012 220 3066 esset
246 2999 391 3078 brevior,
424 2997 528 3087 pedes
551 3008 751 3063 armatorum
774 3020 960 3086 apparuere
987 2998 1123 3063 detecti.
1151 2999 1249 3082 Quod

131 3125 341 3194 cognuscens
375 3097 681 3180 Chlothacharius,‘
701 3124 776 3165 cum
807 3099 875 3164 suis
902 3112 1046 3165 armatus
1075 3100 1247 3191 ingressus
1357 3093 1359 3096 ⁵

131 3218 183 3272 est
197 3205 343 3271 domum.
365 3202 593 3269 Theudoricus
611 3224 690 3266 vero
705 3201 905 3292 intellegens
920 3204 1009 3268 huno
1026 3203 1109 3268 haec
1123 3226 1245 3293 cogno·

130 3309 235 3389 visse,
257 3305 402 3373 fabulam
414 3303 513 3395 fingit
532 3317 564 3368 et
584 3303 647 3368 alia
664 3328 704 3368 ex
721 3303 794 3370 aliis
813 3304 972 3394 loquitur.
996 3305 1150 3394 Denique
1170 3330 1247 3372 nes·

131 3411 224 3477 ciens
246 3406 390 3498 qualiter
415 3407 528 3474 dolum
554 3429 649 3470 suum
673 3404 848 3486 deliniret,
880 3405 1010 3471 discum
1037 3405 1066 3472 ei
1092 3429 1248 3497 magnum

87 3542 116 3580 ao
131 3524 329 3604 argenteum
352 3533 414 3598 pro
440 3507 547 3598 gratia
565 3505 670 3572 dedit.
689 3505 704 3598 ΙΙ
725 3508 1004 3574 Chlothacharius
1030 3521 1140 3574 autem
1161 3510 1249 3575 vale·
1262 3519 1316 3568 Fol.
1330 3519 1357 3567 at
1371 3526 1404 3568 ν’,

130 3615 249 3682 dicens
267 3625 301 3678 et
315 3637 376 3701 pro
394 3627 531 3677 munere
548 3607 671 3700 gratias
690 3633 809 3700 agens,
822 3649 823 3654 κ
836 3608 876 3674 ad
897 3621 1055 3675 metatum
1079 3634 1251 3701 regressus

132 3730 195 3784 est.
222 3713 452 3782 Theudoricus
479 3736 557 3778 vero
584 3710 756 3799 quaeritur
780 3735 909 3793 asuos,
934 3712 1058 3778 nullam
1086 3724 1251 3778 extantem

132 3841 266 3887 causam
284 3839 379 3882 snum
394 3813 589 3906 perdedisse
608 3811 769 3895 catinum,
788 3825 821 3879 et
839 3814 879 3879 ad
897 3813 1001 3879 filium
1022 3839 1116 3880 suum
1144 3817 1253 3881 Theo·

131 3923 312 3988 dobertum
327 3916 373 3982 ait
392 3944 398 3982 :
416 3943 433 3980 r<
454 3915 545 3986 Vade
563 3915 603 3980 ad
617 3927 771 4004 patruum
790 3927 882 3981 tuum
899 3928 932 3980 et
947 3941 1039 4006 roga,
1062 3927 1098 3981 ut
1114 3941 1251 3996 munus,

91 4053 118 4092 35
134 4023 225 4114 quod
246 4021 276 4086 ei
301 4019 396 4100 dedi,
423 4018 484 4085 tibi
508 4042 566 4084 sua
589 4018 759 4083 voluntate
782 4018 956 4116 concedat.
980 4045 997 4080 »
1025 4017 1090 4101 Qui
1118 4018 1260 4098 abiens„
1308 4051 1323 4090 ,λ
1358 4085 1362 4090 ,

134 4125 225 4217 quod
246 4122 345 4216 petiit
370 4121 557 4212 inpetravit.
587 4122 624 4185 ln
650 4119 772 4186 talibus
799 4120 888 4186 enim
912 4119 999 4185 dolis
1024 4120 1253 4187 Theodoricus

137 4229 278 4294 multum
294 4225 435 4304 callidus
451 4237 533 4290 erat.

1097 4425 1101 4433 ·
1168 4378 1180 4414 θ
1189 4425 1192 4432 .
