3256 5144
405 389 570 440 IIIS'IOIlIAE
588 389 788 440 mancorum
806 390 902 439 LIBER
920 391 961 438 vt.
1198 393 1243 440 20!

119 509 193 553 nocte
204 505 329 570 usquead
342 505 495 554 ebrietatem
507 506 567 552 rino
582 506 751 562 maduissent,
765 506 791 552 in
802 522 854 554 uno
867 511 950 554 strato
963 506 1062 568 pariter
1079 505 1240 569 quieverunt.

120 567 191 616 Tunc
202 568 325 616 moechus
336 568 424 614 uxoris
436 569 566 615 Ambrosii
585 577 659 616 nacte
675 569 798 625 veniens,
815 569 1009 632 quiescentibus
1022 569 1122 616 cunctis
1140 575 1165 615 ct
1182 569 1243 615 vina

119 629 264 693 depressis,
290 631 406 678 accensis
427 630 487 738 ifne
510 630 607 694 paleis,
624 637 653 679 ut
676 631 776 678 rideret
797 630 859 694 quid
879 637 980 694 ageret,
1003 637 1117 678 extracto
1144 630 1242 693 glaudio,

119 692 287 740 Ambrosium
299 692 325 739 in
338 691 423 756 capite
448 693 528 748 ibrat,
547 693 584 740 ita
601 699 629 739 ut
644 693 803 740 descendens
821 709 867 755 per
884 692 974 740 oculos
993 693 1111 756 gladius,
1132 692 1244 740 cervical

92 763 105 801 5
120 753 214 816 capitis
227 760 376 818 amputaret
398 755 425 802 In
437 771 488 818 quo
501 755 553 802 ictu
566 758 763 817 expergefactus
778 757 874 818 Lupus,
884 763 909 802 et
920 773 947 801 se
958 755 984 801 in
998 755 1153 817 ¹sarrguincm
1168 755 1243 802 volu-

119 816 170 862 tari
200 817 354 872 decernens,
374 816 502 864 exclamat
525 833 587 864 vace
612 833 719 880 inagna,
737 817 826 865 dicens
847 832 853 863 ε
875 835 887 863 a
909 817 980 870 IIeu,
1001 818 1064 873 heu,
1086 818 1242 870 succurrite,

122 879 202 925 irater
215 894 287 926 arcus
297 878 449 926 interiectus
467 881 519 926 cst!
538 897 550 925 a
564 879 685 926 Moechus
701 895 777 936 vcra,
809 879 835 926 ui
848 879 901 926 iam
916 885 1067 942 perpetrata
1080 879 1176 926 scelere
1189 878 1244 925 dis-

120 939 243 993 cedebat.
260 940 322 988 baec
338 941 461 995 audiens,
477 956 613 1003 regressus
624 941 656 988 ad
670 942 778 995 lectum,
808 943 901 1003 'upum
921 940 984 988 adit.
1000 940 1056 996 Quo
1068 946 1243 1003 repugnante,

121 1003 210 1049 multis
231 1003 278 1066 pla
299 1003 321 1050 is
342 1003 486 1051 laceratum
512 1002 657 1074 oppressit,
676 1009 701 1049 ct
725 1003 828 1050 mortali
847 1004 898 1049 icta
920 1003 1065 1050 sauciatum
1090 1004 1245 1051 semirivum

80 1075 106 1114 to
121 1065 235 1127 rcIIquit.
248 1020 298 1112 Sei
312 1065 399 1113 nullus
413 1065 444 1111 de
456 1066 556 1113 tamilla
566 1065 655 1112 sensit.
674 1066 747 1112 Mane
758 1071 845 1112 autem
861 1066 942 1120 tacto,
957 1065 1098 1126 stupebant
1111 1080 1201 1112 ornnes
1213 1064 1245 1111 de

120 1132 193 1173 tanto
207 1128 311 1174 scelere.
326 1126 414 1189 Lupus
431 1134 517 1174 tamen
535 1128 620 1174 adbuc
638 1127 730 1174 vivens
748 1132 874 1182 nanctus,
893 1127 960 1174 sicut
977 1134 1064 1173 actum
1082 1128 1166 1173 iuerat
1178 1129 1245 1173 rote-

121 1203 194 1248 rens,
209 1189 332 1252 spIritum
345 1189 465 1236 exalavit.
480 1189 531 1249 Sed
549 1204 595 1236 nec
616 1189 724 1252 longum
743 1189 866 1236 meretrix
883 1188 991 1251 lugendi
1005 1189 1099 1237 sumsit
1116 1188 1244 1251 spatium

123 1250 167 1298 sed
180 1251 271 1314 paucis
282 1251 375 1300 dicbus
387 1251 564 1314 interpositis,
581 1251 719 1298 coniuncta
729 1251 852 1309 moecha,
867 1251 996 1298 discessit.

166 1371 240 1436 VIII
267 1368 344 1456 (14).
377 1369 474 1434 Anno
499 1370 602 1458 igitur
634 1367 778 1457 septima
810 1366 1020 1433 Childeberti
1055 1369 1161 1458 regis,
1190 1369 1246 1456 qui

80 1494 107 1533 15
123 1482 193 1534 erat
216 1469 399 1560 Chilperici
426 1482 460 1534 et
481 1470 725 1536 Guntchramni
755 1469 924 1534 vicisimus
953 1470 1100 1558 primus,
1133 1493 1247 1535 mense

124 1573 275 1637 Ianuario
291 1572 441 1662 pluviae,
464 1571 713 1637 coruscationes
742 1584 841 1660 atque
868 1572 1014 1634 tonitrua
1035 1570 1149 1659 gravia
1177 1571 1248 1635 Iue-

125 1686 217 1752 runt;
256 1671 354 1738 llorcs
388 1673 421 1738 iu
451 1673 629 1738 arboribus
667 1673 793 1737 astensi
830 1684 918 1736 sunt.
959 1672 1119 1749 Stellam,
1149 1696 1248 1761 quem

125 1775 279 1840 comitem
307 1775 459 1864 superius
487 1775 673 1854 nominavi,
701 1774 873 1864 apparuit,
905 1775 949 1838 ita
977 1787 1013 1838 ut
1040 1774 1075 1837 in
1107 1773 1250 1840 circuitu

125 1877 196 1943 cius
221 1901 339 1967 magna
364 1876 498 1967 nigrido
526 1890 632 1955 csset;
659 1890 693 1941 et
714 1878 769 1940 illa
789 1891 959 1964 tamquam
985 1875 1012 1940 si
1040 1875 1075 1939 in
1102 1877 1249 1941 l'oramcn

81 2007 109 2044 ra
124 1981 240 2070 aliquo⁴
253 1977 381 2067 posita,
404 1980 450 2043 ita
470 1978 505 2042 in
525 1981 682 2043 tenebras
704 1978 717 2068 ll
742 1979 930 2055 relucebat,
951 1978 1139 2042 scintillans
1159 1994 1315 2068 sper-Col.
1331 1993 1383 2040 291.

124 2105 275 2174 gensque
296 2105 418 2145 comae.
440 2081 609 2146 Prodebat
629 2095 738 2146 autem
755 2106 795 2144 cx
815 2105 851 2145 ea
869 2081 982 2144 radius
1001 2082 1104 2146 mirae
1125 2079 1250 2170 magni-

125 2185 271 2261 tudinis,
296 2182 352 2271 qui
374 2196 542 2271 tamquam
566 2184 674 2248 famus
693 2207 833 2273 magnus
857 2182 1007 2246 incendii
1028 2184 1212 2271 apparebat
1234 2207 1251 2248 a

125 2285 237 2374 longe.
268 2285 344 2349 Visa
370 2297 421 2348 cst
446 2296 553 2348 autem
575 2309 592 2348 a
612 2297 740 2372 partem
761 2282 947 2348 occidentis
970 2282 1004 2346 in
1033 2285 1115 2348 hara
1143 2285 1251 2349 noctis

126 2387 268 2476 prima.¹
287 2386 300 2475 Η
325 2389 361 2450 Ia
383 2385 437 2450 die
458 2399 567 2450 autem
584 2400 736 2450 sanctum
756 2387 901 2475 paschae
931 2385 1019 2472 apud
1052 2384 1316 2450 SucssiouasFol.
1336 2405 1373 2449 as.

83 2517 111 2554 25
126 2488 293 2554 civitatem
320 2488 448 2552 caelum
471 2489 588 2552 ardere
608 2489 714 2552 visum
741 2499 809 2564 est,
835 2486 881 2549 ita
903 2499 939 2550 ut
960 2487 1026 2550 duo
1050 2499 1252 2575 apparerent

128 2591 299 2669 incendia;
322 2603 355 2654 et
375 2613 476 2654 unum
495 2603 565 2654 crat
582 2591 698 2668 maior,
721 2589 811 2652 alind
828 2612 907 2652 vero
929 2590 1049 2652 minor.
1075 2592 1156 2652 Post
1169 2589 1250 2653 daa-

129 2719 200 2758 rum
219 2716 297 2758 vero
312 2694 469 2757 hararum
489 2692 597 2781 spatio
618 2691 797 2757 coniuncta
819 2705 896 2754 sunt
916 2691 1032 2769 simul,
1062 2691 1251 2779 laetumque

127 2798 232 2862 farum
252 2819 425 2884 magnum,
446 2807 662 2859 evanuerunt.
688 2797 724 2858 In
745 2792 950 2858 parisiacum
974 2818 1053 2859 vero
1072 2792 1250 2858 terminum

127 2924 223 2964 verus
246 2897 381 2988 sanguis
406 2923 445 2962 cx
469 2900 558 2962 nube
577 2897 716 2962 delluxit
740 2909 774 2960 et
796 2920 898 2984 super
915 2897 1115 2964 vestimenta·
1133 2897 1250 2961 malto-

86 3029 113 3066 ro
128 3027 200 3068 rum
217 2999 389 3065 huminum
407 2999 550 3066 caecidit
570 3012 603 3063 et
620 2999 664 3062 ita
682 3000 759 3062 tabe
776 2997 964 3077 maculavit,
987 3011 1022 3062 ut
1032 3001 1097 3088 ipsi
1116 2997 1250 3086 propria

127 3104 323 3169 indumenta
345 3103 521 3166 horrentes
546 3103 746 3166 abnuerunt.
770 3099 891 3164 Tribus
915 3100 1004 3163 enim
1026 3101 1108 3165 locis
1128 3099 1162 3162 in
1187 3113 1251 3164 ter·

128 3208 219 3270 mino
239 3203 381 3268 civitatis
408 3202 497 3267 illius
523 3204 587 3268 hac
610 3200 801 3290 prodigium
822 3202 987 3288 apparuit.
1018 3204 1054 3265 In
1077 3201 1249 3267 Silvanec-

129 3322 223 3373 tense
249 3329 327 3370 vero
354 3304 525 3371 territuria
548 3303 694 3367 bominis
720 3301 893 3366 culusdam
918 3303 1055 3380 damus,
1085 3325 1159 3366 cum
1194 3303 1251 3368 ille

130 3433 225 3474 ruane
246 3420 410 3498 surgeret,
429 3405 593 3495 sanguine
611 3429 763 3494 respersa
780 3405 821 3466 ab
839 3403 928 3466 intus
943 3404 1109 3492 apparuit.
1131 3408 1252 3495 Magna

88 3541 114 3578 aa
130 3526 240 3578 tamen
262 3535 301 3576 ea
318 3534 404 3575 anno
416 3510 487 3573 lues
507 3509 542 3572 in
558 3507 683 3596 populo
700 3506 779 3581 l'uit;
800 3505 1002 3570 valitudines
1018 3507 1138 3585 variae,
1157 3507 1251 3571 mali·

128 3639 215 3707 gnae
230 3637 304 3678 cum
320 3612 468 3702 pasculis
487 3623 520 3675 et
536 3607 685 3688 rissiciS,
707 3632 806 3697 quem
825 3607 964 3673 multum
987 3610 1148 3698 populum
1169 3607 1252 3674 atfi-

130 3726 261 3792 cierunt
279 3736 430 3790 mortem.
456 3721 701 3796 matriamen,
728 3718 928 3783 adhibentes
954 3721 1116 3798 studium,
1139 3743 1252 3784 erase-

131 3839 219 3894 runt.
246 3825 442 3892 AudiVImus
469 3825 556 3889 enim
591 3847 630 3887 eo
655 3846 742 3886 anna
776 3819 809 3884 in
845 3821 1098 3887 Narbonensem
1136 3822 1253 3886 urbem

131 3926 357 4018 inguinarium
371 3926 523 3990 morbum
540 3923 686 4016 graviter
705 3923 889 4000 desaevire,
904 3921 949 3986 ita
969 3934 1005 3987 ut
1022 3923 1147 3987 nullum
1165 3936 1253 3988 esset

89 4051 116 4092 so
132 4029 293 4120 spatium,
316 4053 389 4094 cum
407 4029 506 4092 homo
522 4037 697 4115 correptus
714 4025 830 4090 suisset
844 4027 885 4089 ab
901 4049 951 4090 eo.

163 4173 201 4220 15.
220 4170 291 4219 Felix
304 4186 365 4218 vero
378 4169 517 4234 episeopus
530 4167 697 4216 Namncticae
715 4167 829 4214 civitatis
845 4167 870 4213 in
891 4167 939 4214 hac
953 4163 1101 4214 valetudine
1119 4181 1253 4222 corruens,

131 4235 248 4299 graviter
257 4239 395 4298 aegrotare
408 4237 501 4296 caepit.
517 4232 589 4279 Tunc
602 4230 701 4278 vocatis
714 4229 747 4276 ud
761 4245 788 4276 se
801 4229 941 4292 episcopis,
956 4231 999 4291 qui
1018 4227 1159 4292 propinqui
1170 4233 1253 4285 eraut,

925 4305 1255 4318 *a*

163 4363 186 4410 1.
204 4361 259 4408 Fal.
277 4362 306 4407 st
324 4369 350 4406 v·
368 4363 449 4406 raom.
1107 4353 1129 4388 rs
