3220 5158
376 437 406 484 30
661 433 818 486 GIIEGORII
835 431 1042 484 TURONENSIS
1058 431 1208 483 EPISCOPI

642 733 802 799 INCIPIT
828 734 957 798 LIBER
981 733 1224 800 SECUNDUS.

764 899 774 923 θ’

259 983 363 1032 corsa.
420 973 665 1061 prosequentes
699 971 850 1036 ordinem
883 982 1087 1058 temporum,
1121 967 1241 1034 mixtae
1269 968 1489 1059 confusaeque

258 1086 313 1133 Fol.
325 1086 364 1133 1¹⁴·
376 1087 442 1139 tarn
456 1073 595 1139 virtutes
607 1085 797 1138 sanctorum
811 1097 909 1162 quam
921 1084 1049 1162 strages
1059 1071 1211 1162 gentium
1227 1070 1240 1161 Η
1258 1097 1486 1138 memoramus.

375 1179 450 1245 Non
466 1179 554 1242 enim
576 1175 858 1242 inrationabiliter
873 1175 980 1264 accipi
999 1187 1097 1263 puto,
1127 1173 1153 1239 si
1180 1174 1299 1240 filicem
1320 1178 1489 1242 beatorum

375 1280 474 1345 vitam
488 1279 576 1344 inter
593 1277 788 1344 miserorum
806 1301 1027 1342 memoremus
1050 1275 1195 1356 excidia,
1216 1279 1397 1344 cumidem
1426 1304 1513 1343 nous

376 1382 516 1448 facilitas
546 1380 740 1471 scriptoris,
765 1380 823 1445 sed
851 1393 1039 1467 temporum
1064 1379 1168 1445 series
1200 1382 1378 1469 praestitit.
1411 1383 1490 1448 Nam

376 1484 539 1550 sollicitus
567 1484 685 1563 lector,
715 1485 742 1548 si
765 1483 912 1572 inquirat
947 1495 1117 1563 strenuae,
1145 1483 1272 1548 invenit
1300 1485 1390 1548 inter
1420 1483 1490 1548 illas

377 1612 492 1678 regum
513 1585 794 1652 Israheliticorum
814 1586 971 1650 historias
997 1586 1058 1650 sub
1077 1586 1234 1650 Samuhel
1255 1585 1377 1652 iustum
1394 1586 1491 1652 Fine·

378 1714 453 1754 meu
472 1688 627 1754 interisse
643 1687 841 1778 sacrilegum
853 1711 890 1753 ac
911 1689 972 1752 sub
993 1687 1120 1766 David,
1142 1713 1241 1777 quem
1259 1691 1490 1754 Fortemanum

377 1792 513 1873 dicunt,
542 1791 675 1858 Goliath
708 1789 852 1855 alofilum
887 1790 1063 1854 corruisse.
1100 1793 1282 1857 Memineat
1305 1793 1405 1856 etiam
1432 1794 1524 1856 subn

379 1894 491 1960 Heliae
510 1893 621 1959 eximii
636 1894 719 1958 vatis
735 1887 905 1981 tempore,
923 1893 980 1980 qui
998 1891 1125 1979 pluvias
1142 1917 1219 1966 cum
1235 1892 1340 1958 voluit
1357 1892 1492 1958 abstulit

377 2011 410 2063 et
428 2021 502 2064 cum
517 1996 616 2061 libuit
633 1996 803 2061 arentibus
827 1993 926 2059 terris
944 1993 1081 2078 infudit,
1101 1995 1157 2084 qui
1177 1996 1294 2061 viduae
1319 2009 1491 2086 pauperta-

259 2101 312 2149 Col.
326 2101 366 2149 40.
377 2113 444 2165 tem
485 2099 634 2164 oratione
668 2097 900 2187 locupletavit,
938 2110 1080 2186 quantae
1120 2098 1319 2187 populorum
1354 2097 1491 2192 stranges

377 2203 486 2282 fuere,
512 2226 596 2294 quae
625 2201 726 2266 fames
753 2200 804 2266 vel
832 2225 915 2292 quae
945 2199 1077 2265 siccitas
1106 2202 1260 2266 miseram
1287 2204 1492 2291 oppresserit

378 2308 531 2384 humum3
548 2327 632 2393 quae
650 2305 712 2368 sub
731 2305 892 2368 Ezechiae
909 2317 1072 2392 tempore,
1087 2303 1139 2368 cui
1151 2307 1241 2369 Deus
1262 2305 1302 2369 ad
1320 2307 1420 2370 vitam
1437 2307 1492 2373 XV
1505 2329 1526 2367 15

378 2431 482 2473 annos
499 2408 604 2486 auxit,
621 2405 843 2472 Hierusolima
862 2406 946 2470 mala
967 2405 1153 2495 pertulerit.
1178 2405 1245 2473 Sed
1266 2421 1299 2472 et
1322 2409 1383 2473 sub
1407 2410 1490 2474 Heli·
1582 2426 1583 2467 1

379 2535 470 2576 seum
500 2509 681 2599 profetam,
717 2508 774 2597 qui
804 2522 952 2574 mortuos
987 2507 1072 2574 vitae
1107 2509 1252 2576 restituit
1291 2523 1323 2576 et
1361 2511 1424 2577 alia
1458 2514 1490 2577 iu
1582 2502 1583 2522 ³

378 2612 512 2702 populis
533 2610 635 2678 multa
660 2611 817 2678 miracula
833 2611 929 2690 fecit,
953 2623 1096 2700 quantae
1120 2611 1380 2695 interniciones,
1410 2640 1490 2707 quae

380 2713 532 2780 miseriae
556 2713 664 2803 ipsum
692 2713 934 2779 Israhelitieum
957 2714 1117 2801 populum
1141 2729 1414 2803 oppraesserunt.
1439 2719 1491 2784 Sic

380 2830 413 2882 et
439 2818 621 2895 Eusebius,
654 2817 796 2882 Severus
825 2814 1104 2906 Hieronimusque
1136 2815 1170 2881 in
1201 2819 1369 2884 chronicis
1398 2833 1527 2910 atqueao

381 2918 542 2985 IIorosius
559 2931 593 2983 et
612 2918 700 2983 bella
718 2942 834 3010 regum
856 2930 891 2982 et
909 2919 1046 2984 virtutes
1059 2931 1248 3008 *martyrum
1264 2921 1389 3010 pariter
1408 2935 1492 2988 texe-

381 3035 468 3086 runt.
490 3024 537 3086 Ita
554 3034 587 3085 et
604 3046 665 3086 nos
680 3020 806 3086 idcirco
825 3012 1036 3110 scripsimus,
1049 3022 1277 3110 quodfaeilius
1290 3024 1493 3090 saeculorum

381 3123 464 3189 ordo
483 3123 534 3188 vel
559 3146 720 3188 annorum
742 3121 825 3188 ratio
850 3147 955 3211 usque
980 3137 1094 3188 nostra
1114 3137 1266 3214 tempora
1291 3139 1362 3191 tota
1381 3151 1493 3217 reppe-

382 3226 519 3290 riantur.
547 3226 728 3293 Venientes
747 3250 826 3316 ergo
854 3249 913 3314 per
938 3226 1180 3292 antedictorum
1201 3242 1371 3293 auctorum
1395 3231 1494 3294 histo·

383 3327 464 3406 rim,
497 3349 535 3390 ea
566 3351 651 3415 quae
680 3326 714 3391 in
749 3340 920 3415 posterum
959 3341 1031 3393 acta
1066 3342 1143 3393 sunt
1177 3332 1321 3396 Domino
1359 3332 1529 3396 iubentem

383 3427 590 3493 disserimus,

264 3635 317 3683 (301,
331 3633 370 3686 41,
414 3622 435 3670 1.
450 3622 534 3688 Igitur
547 3630 607 3687 post
618 3638 752 3671 excessum
765 3624 835 3673 beati
847 3627 857 3686 ΙΙ
868 3623 972 3673 Martini
983 3624 1125 3674 TuronIeae
1139 3627 1252 3676 ciritatis
1263 3627 1391 3693 episcopi,
1404 3627 1495 3677 summi

369 3685 502 3734 'etIucom
523 3685 632 3734 arabilis
645 3686 707 3741 vim,
722 3687 754 3734 de
771 3687 845 3735 cuius
864 3687 1005 3736 virtutibus
1022 3705 1118 3752 magna
1135 3690 1205 3753 apud
1221 3707 1268 3738 nos
1286 3691 1419 3739 volumina
1435 3693 1496 3740 reti·

382 3754 484 3804 nentur,
498 3703 599 3796 deictus
613 3749 646 3796 ad
658 3749 838 3822 episcopatum
850 3750 973 3798 succedit.
988 3752 1093 3800 atvero
1106 3751 1149 3799 hic
1164 3753 1279 3809 Bricius,
1291 3770 1350 3800 cum
1363 3760 1433 3802 esset
1440 3754 1496 3828 pri-

382 3826 488 3858 maevae
498 3811 590 3858 aetatis
601 3809 710 3868 iuvenis,
726 3819 814 3860 saneto
825 3812 911 3859 adhuc
923 3813 1020 3860 viventi
1032 3813 1059 3860 in
1070 3830 1178 3877 corpore
1193 3815 1288 3863 multas
1302 3815 1425 3864 tendebat
1438 3817 1498 3865 msi-
1509 3827 1532 3864 su

381 3873 452 3928 dias.
463 3889 511 3936 pro
519 3889 549 3919 eo
560 3872 628 3936 quod
637 3873 767 3922 abeodem
791 3875 934 3938 lerumque,
947 3892 993 3922 cur
1004 3875 1093 3924 Iaciles
1102 3892 1143 3924 res
1158 3884 1317 3940 sequeretur,
1329 3880 1495 3942 arguebatur.

382 3935 501 3991 Quadam
508 3942 594 3983 tamen
607 3935 649 3982 die
659 3935 721 3982 dum
728 3891 834 4000 quidam
842 3937 961 3985 infirmus
970 3938 1125 3986 medicinam
1133 3955 1148 3986 a
1155 3940 1230 3986 heuto
1239 3941 1349 3988 Martino
1360 3947 1497 4005 expeteret,

381 3997 496 4045 Bricium
508 3999 593 4045 adhuc
606 3996 743 4046 diaconum
757 3999 784 4045 in
800 3999 1031 4062 plateaconvenit;
1043 4000 1083 4047 cui
1097 4001 1251 4064 simpliciter
1264 4003 1323 4050 ait:
1345 4005 1435 4051 «Ecce
1452 4020 1499 4068 ego
1587 4025 1588 4030 ¹

381 4060 529 4123 praestolor
541 4061 646 4108 beatum
657 4060 742 4108 virum
754 4067 779 4108 et
789 4062 884 4116 nescIo,
893 4061 937 4109 ubi
948 4063 982 4110 sit
994 4063 1035 4111 vel
1043 4063 1106 4126 quid
1116 4064 1203 4128 operis
1216 4070 1285 4127 agat.
1297 4082 1308 4112 »
1322 4065 1369 4112 Cui
1383 4066 1497 4114 Bricius:

382 4123 443 4179 «si,
467 4123 572 4187 inquid,
600 4123 716 4170 delerum
736 4123 812 4171 illum
827 4124 945 4186 quaeris,
962 4125 1082 4198 prospice
1099 4127 1213 4182 emiuus;
1230 4143 1288 4174 ecee
1307 4127 1409 4175 eaelum
1426 4129 1533 4176 solite³5

383 4186 450 4232 sieut
464 4202 553 4233 amens
567 4185 682 4258 respicit.
696 4201 708 4232 a
724 4185 839 4249 Cumque
856 4187 1024 4260 pauperrIle,
1039 4205 1149 4238 occursu
1168 4189 1282 4244 reddito,
1300 4190 1368 4254 quod
1390 4190 1500 4254 petierat

381 4247 408 4294 in
429 4254 553 4304 etrasset,
572 4247 718 4296 Brreionem
736 4247 828 4296 diacon
846 4265 871 4296 m
892 4249 1040 4298 virbeatus
1059 4251 1119 4300 adIo
1139 4251 1228 4300 uitur:
1257 4269 1268 4298 «
1283 4253 1321 4300 En
1340 4268 1352 4298 e
1372 4269 1396 4309 o,
1417 4252 1498 4308 Brici,

380 4263 484 4362 deierus
493 4309 538 4359 tihi
554 4310 643 4358 videor
651 4312 677 4356 Ia
689 4310 804 4375 Cumque
816 4265 860 4360 uie
873 4312 996 4360 contusus
1008 4311 1072 4362 haee
1084 4268 1191 4362 audIens
1205 4313 1300 4362 deisse
1313 4329 1340 4362 se
1352 4269 1499 4380 denegaret,
