3256 5144
414 449 579 502 HISTORIAE
602 450 802 502 Fatucoauu
819 451 916 502 LIBER
933 453 963 500 V.
1203 451 1247 500 155

125 591 200 630 eum
238 567 393 632 mandata
431 568 621 647 remittunt,
659 568 810 634 dicentes
847 596 853 634 :
883 595 900 632 u
932 569 1107 660 Credimus
1139 571 1247 634 lesum

125 668 308 748 Christum,
326 670 430 738 filium
447 671 509 738 Dei
524 671 600 751 vivi,
617 671 714 736 nobis
727 674 968 761 prophetarum
981 671 1119 738 vocibus
1135 695 1248 760 repro-

126 771 275 838 missum.
299 799 315 836 u
339 775 479 840 Gavisus
499 787 609 842 autem
629 773 747 840 nuntio
765 775 931 863 pontifex,
947 788 1080 842 noctem
1101 787 1247 840 sanctam

124 887 344 963 pentecosten
384 877 515 967 vigilias
554 878 776 956 caelebratas,
820 877 861 944 ad
895 877 1127 966 baptisterium
1161 877 1247 944 foras

97 1003 111 1039 s
128 999 321 1042 muraneum
340 1003 507 1068 egressus,
528 979 643 1068 ibique
660 979 768 1046 omnis
786 979 964 1046 multitudo
980 1003 1091 1045 coram
1111 1003 1150 1044 eo
1170 1003 1248 1068 pro-

127 1091 246 1155 strata,
268 1079 469 1168 baptismum
485 1080 657 1170 flagitavit.
681 1083 727 1146 At
741 1082 892 1171 illeprae
911 1083 1032 1172 gaudio
1051 1083 1247 1160 lacrimans,

126 1193 265 1246 cunctos
285 1205 370 1271 aqua
388 1184 540 1264 abluens,
560 1183 714 1250 crismate
732 1185 868 1264 liniens,
891 1185 926 1250 in
944 1184 1019 1250 sinu
1036 1183 1150 1250 matris
1164 1185 1248 1250 eele-

125 1284 193 1348 siae
214 1288 440 1374 congregavit.
465 1289 668 1377 Plagrabant
686 1287 810 1366 caerei,
832 1287 1001 1376 lampadas
1020 1288 1246 1378 refulgebant,

123 1385 292 1451 albicabat
306 1400 376 1452 tota
392 1389 507 1456 civitas
522 1391 563 1456 de
576 1414 678 1481 grege
691 1391 846 1469 candido,
861 1391 968 1456 donec
980 1415 1048 1457 uon
1062 1390 1172 1458 minor
1188 1391 1250 1456 luit

80 1515 109 1554 ro
124 1489 199 1556 urbi
218 1491 376 1580 gaudium
391 1543 398 1572 ,
421 1517 517 1581 quam
535 1494 722 1583 quondam,
746 1494 874 1584 Spiritu
890 1507 1005 1560 sancto
1028 1493 1247 1562 discendente

126 1617 228 1682 super
257 1596 444 1682 apostolos,
478 1596 684 1662 Hierusalem
719 1597 832 1664 videre
868 1599 1061 1686 promeruit.
1099 1601 1249 1664 Fuerunt

125 1708 235 1763 autem
256 1699 312 1786 qui
335 1698 493 1787 baptizati
521 1712 599 1764 suut
621 1699 762 1789 amplius
792 1697 979 1790 quingenti.-
1010 1699 1064 1766 Hii
1090 1724 1168 1765 vero
1191 1699 1248 1788 qui

124 1799 330 1886 baptismum
341 1801 523 1868 noluerunt
537 1801 751 1869 discedentes
763 1804 804 1868 ab
825 1805 942 1870 urbem
959 1802 1062 1884 illam,
1080 1801 1248 1868 Massiliae

125 1901 250 1968 redditi
266 1915 355 1968 sunt.

82 2125 109 2162 15
131 2155 134 2162 .
158 2114 196 2160 12.
215 2112 332 2160 Transiit
345 2119 406 2175 post
424 2113 488 2160 baec
504 2119 531 2160 et
546 2113 658 2161 Brachia
678 2113 747 2162 abba
763 2114 873 2164 cellulae
894 2114 1061 2162 Manatensis.
1082 2113 1142 2162 Fuit
1162 2119 1250 2162 autem

126 2191 221 2239 genere
233 2174 396 2238 Thuringus,
411 2175 438 2221 in
447 2175 552 2223 servitio
564 2175 693 2238 Sigivaldi
709 2175 840 2240 quondam
853 2175 926 2225 ducis
939 2175 1102 2224 venationem
1113 2191 1247 2234 exercens,

126 2238 194 2286 sicut
206 2237 270 2284 alibi
284 2237 446 2302 scripsimuS.

171 2397 228 2462 Vll
246 2393 323 2481 (13).
347 2396 435 2484 Ergo
445 2407 481 2458 ut
492 2394 532 2458 ad
546 2393 756 2482 propositum
772 2417 942 2472 reversus,
963 2393 1174 2482 Chilpericus
1192 2408 1384 2460 rorantem

126 2498 400 2562 Chlodovechum
418 2496 522 2560 filium
550 2522 644 2561 suum
673 2499 824 2562 Toronus
845 2495 1040 2562 transmisit.
1067 2496 1147 2580 Qui,
1168 2521 1248 2562 con-

79 2625 107 2663 ao
123 2613 264 2691 gregato
294 2599 458 2679 exercitu,
479 2599 521 2664 'in
546 2599 725 2664 terminum
752 2598 954 2664 'l'oronicum
982 2612 1015 2664 et
1035 2599 1249 2664 Andecavum

125 2725 234 2791 usque
254 2704 440 2766 Sanctonas
460 2700 593 2766 transiit
617 2725 755 2790 eamque
779 2701 934 2791 pervasit.
956 2699 1157 2768 Mummolus
1171 2724 1249 2765 vero

126 2803 288 2892 patricius
318 2803 563 2869 Guntchramni
596 2804 684 2894 regis
712 2828 784 2870 cum
815 2828 936 2894 magno
967 2802 1115 2869 exercitu
1144 2828 1249 2893 usque

127 2905 375 2972 Lemoviciuum
397 2905 530 2970 transiit
550 2920 583 2971 et
603 2919 717 2971 contra
739 2906 949 2971 Desiderium
973 2907 1091 2972 ducem
1112 2905 1248 2994 Chilpe·

127 3007 187 3074 rici
217 3008 305 3098 regis
331 3008 455 3073 bellurn
481 3008 597 3100 gessit.
628 3011 665 3074 ln
699 3034 764 3099 quo
793 3009 922 3098 proelio
957 3009 1173 3077 caeciderunt
1207 3009 1248 3074 de

80 3139 110 3176 aa
127 3109 274 3176 exercitu
292 3109 362 3175 eius
391 3109 539 3200 quinque
565 3111 665 3176 milia.
693 3110 706 3202 ll
729 3116 803 3200 lpse
828 3136 961 3200 quoque
983 3110 1177 3178 Desiderius
1195 3111 1314 3176 virro.
1328 3127 1409 3174 aare.

130 3212 242 3278 evasit.
282 3213 481 3278 Mummolus
521 3237 598 3278 vero
634 3213 794 3302 patricius
830 3239 891 3302 per
935 3215 1119 3280 Arvernum
1149 3213 1249 3280 rediit

130 3339 268 3405 eamque
289 3339 350 3404 per
370 3315 442 3380 loca
461 3315 625 3382 exercitus
645 3318 714 3382 eius
734 3317 926 3383 devastavit.
955 3316 1011 3382 Sic
1040 3315 1074 3382 in
1099 3319 1249 3406 Burgun-

130 3417 218 3482 diam
235 3417 450 3506 peraccessit.
1152 3443 1154 3450 ¹

174 3602 250 3692 (14).
269 3604 350 3668 Post
366 3603 448 3684 haec
468 3603 686 3670 llllerovechus
706 3601 829 3668 dumiu
851 3600 1002 3668 custodia
1021 3599 1107 3691 patri
1123 3613 1249 3664 retene-

81 3732 111 3769 so
128 3719 231 3786 retur,
248 3717 441 3770 tunsoratus
459 3717 519 3785 est,
540 3717 731 3794 mutataque
750 3716 862 3783 veste,
883 3728 947 3794 qua
964 3702 1095 3770 clericis
1111 3701 1159 3767 uti
1179 3727 1249 3768 mos

129 3823 190 3888 est,
220 3809 388 3898 presbiter
414 3809 586 3874 ordinatus
614 3821 647 3872 et
671 3807 908 3874 monasterium
940 3807 1248 3874 Cennomannicum

128 3911 184 4001 qui
204 3924 340 3977 vocatur
354 3912 443 3977 Anni
455 3911 563 3976 insula
583 3910 751 4001 dirigitur,
771 3911 828 3974 ubi
844 3909 1042 3974 sacerdotali
1061 3907 1250 3973 crudiretur

128 4014 253 4104 regula.
272 4017 367 4079 Haeo
394 4012 531 4079 audieus
563 4016 668 4092 Boso,
707 4013 763 4104 qui
794 4024 874 4078 tuuc
909 4011 944 4078 in
976 4010 1114 4077 basilica
1144 4011 1249 4102 sancti

128 4114 279 4196 Martini,
303 4130 338 4181 ut
356 4115 520 4195 diximus,
544 4116 739 4196 resedebat,
766 4116 855 4182 misit
882 4114 1051 4206 Rigullum
1075 4114 1249 4180 subdiaco-

81 4245 113 4283 :ra
128 4243 224 4299 nuru,¹
236 4231 273 4284 ut
291 4217 467 4286 consilium
486 4218 617 4284 occulte
635 4221 813 4307 praeberet
828 4217 1007 4308 expetendi
1019 4217 1059 4282 ad
1077 4215 1249 4282 basilicam

130 4319 235 4386 sancti
259 4319 405 4388 Martini.
440 4323 503 4406 Qui
525 4345 600 4386 cum
622 4321 788 4400 habisset‚
812 4322 854 4384 ab
879 4319 942 4384 alia
967 4331 1061 4411 parte
1091 4318 1248 4384 Gailenus
