3220 5158
398 463 428 508 bh
683 448 840 500 GREGORII
858 444 1065 496 TURONENSIS
1081 443 1231 493 EPlSCOPl

401 575 457 643 Sic
469 586 502 639 ct
516 571 644 662 profeta
659 567 725 633 ait:
741 565 926 652 Confitebor
938 563 1007 643 tibi,
1019 564 1168 642 Domine,
1182 567 1215 626 in
1228 561 1364 626 ecclesia
1378 585 1515 650 inagna,

400 684 433 742 in
443 675 568 767 populo
587 696 691 762 grave
708 668 851 734 laudabo
869 667 936 730 te1.
960 664 1029 730 Et
1020 678 1173 730 lterum:
1198 664 1383 751 Confitebor
1406 665 1497 728 tibi
1483 689 1519 727 ut

395 779 537 870 populis,
555 778 705 888 Domine,
718 771 887 862 psalmum
907 769 1014 832 dicam
1034 772 1163 832 nomine
1184 781 1238 832 tuo
1261 772 1346 831 inter
1364 781 1442 858 gent
1430 769 1515 832 tes2

400 885 553 948 Metuens
571 876 659 942 enim
674 873 847 964 populum,
860 894 968 951 orer,
990 869 1161 960 ignoranS,
1183 869 1378 959 quiasatius
1399 881 1464 950 est,
1481 883 1518 934 ut

400 981 543 1074 populos
562 989 720 1068 sequatur
736 975 836 1040 fidem
853 986 943 1038 tuam
953 997 1079 1072 ,quam
1098 984 1135 1036 tu
1159 971 1385 1038 infirmitatem
1406 973 1514 1038 faveas
1533 997 1543 1035 s

400 1083 574 1174 populari?
598 1084 647 1147 Tu
677 1077 766 1143 enim
794 1099 829 1140 cs
855 1087 954 1164 caput
982 1067 1115 1163 populi,
1145 1095 1214 1137 non
1241 1072 1386 1162 populus
1417 1086 1519 1163 caput

400 1199 504 1252 tuum.
526 1182 661 1251 sienim
681 1177 856 1245 adbellum
872 1175 1112 1266 proficiscaris,
1129 1187 1165 1238 tu
1180 1173 1354 1264 praecedis
1370 1186 1519 1240 catervas

401 1290 564 1367 hostium,
592 1298 625 1351 et
651 1283 707 1348 ille
732 1305 798 1371 quo
820 1277 945 1345 abieris
971 1279 1233 1366 subsequuntur
1264 1278 1378 1364 Unde}
1398 1277 1520 1343 melius

401 1405 469 1471 cst,
488 1403 525 1455 ut
537 1402 572 1454 te
580 1385 802 1477 praecedente
819 1393 1025 1472 cognoscant
1041 1381 1227 1461 veritatem,
1240 1405 1338 1469 quam
1355 1393 1519 1470 pereunte

401 1502 618 1584 permaneant
638 1488 672 1553 in
688 1510 846 1553 errorem.
866 1488 950 1551 Nam
966 1510 983 1546 «
1004 1485 1094 1549 Deus
1115 1508 1183 1549 non
1203 1482 1361 1548 inciditur
1380 1510 1397 1546 u
1409 1485 1434 1564 ³,
1453 1508 1518 1548 nec
1537 1508 1556 1546 u

401 1598 489 1662 enim
508 1592 627 1684 dilegit
645 1591 740 1657 illum
758 1589 816 1678 qui
839 1600 979 1676 propter
997 1599 1168 1652 terrenum
1191 1611 1330 1679 regnum
1355 1611 1429 1652 eum
1449 1611 1519 1652 non

402 1694 579 1762 confitetur
601 1690 635 1755 in
660 1688 837 1754 saeculum.
863 1712 880 1748 a
902 1687 968 1750 Ista
986 1685 1043 1751 ille
1064 1683 1193 1751 ratione
1214 1685 1391 1766 confusus,
1412 1710 1519 1774 usque

401 1798 442 1862 ad
458 1794 581 1862 exitum
598 1791 684 1857 vitae
699 1814 776 1855 suae
790 1787 825 1852 in
842 1789 905 1852 hac
925 1787 1054 1852 insania
1073 1788 1283 1877 perduravit,
1304 1812 1365 1852 nec
1383 1789 1519 1878 publice

402 1896 634 1988 aequalitatem
650 1890 822 1959 Trinitatis
841 1888 946 1956 voluit
961 1890 1124 1955 confiteri.
1147 1893 1288 1982 Magnae
1300 1890 1388 1956 enim
1406 1891 1520 1957 lacun-

401 2002 475 2067 diae
497 2011 567 2064 erat
585 2010 666 2062 tunc
682 1993 843 2084 temporis
864 1994 981 2058 beatus
1004 1992 1138 2072 Avitus3
1163 2017 1305 2083 namque
1322 1993 1519 2086 insurgente
1536 2021 1557 2060 ra

401 2101 546 2169 heresim
572 2099 659 2189 apud
687 2097 805 2162 urbem
825 2094 1230 2183 Constantinopolitanam
1254 2108 1320 2160 tam
1342 2095 1433 2162 illam
1455 2123 1521 2187 qua

284 2229 338 2277 For.
352 2228 388 2276 aa.
403 2203 530 2271 Euticis
550 2224 734 2292 quamquac
751 2198 916 2266 Sabellius
934 2198 1065 2278 docuit,
1084 2197 1098 2289 ll
1114 2197 1148 2263 id
1167 2198 1318 2264 estnihil
1335 2199 1521 2266 divinitatis

402 2308 560 2374 habuisse
575 2304 747 2369 dominum
761 2315 913 2367 nostrum
929 2304 1037 2367 lesum
1058 2302 1246 2383 Christum,
1270 2316 1408 2394 rogante
1429 2307 1522 2370 Gun-

404 2410 537 2476 dobado
552 2431 648 2498 rege,
667 2404 740 2494 ipse
761 2417 877 2470 contra
901 2428 956 2469 eas
977 2404 1123 2494 scripsit.
1147 2407 1269 2470 Extant
1291 2406 1410 2472 exinde
1430 2431 1524 2472 nunc

404 2513 491 2603 apud
511 2536 571 2577 nos
598 2508 759 2599 epistolae
785 2507 1018 2586 admirabiles,
1048 2531 1132 2597 quae
1157 2507 1244 2573 sicut
1265 2521 1345 2574 tunc
1371 2510 1521 2575 heresim
1535 2536 1559 2573 eo

402 2624 659 2705 oppresserunt,
696 2609 742 2675 ita
771 2635 860 2676 nunc
882 2610 1037 2676 eclesiam
1060 2612 1123 2676 Dei
1152 2611 1341 2677 aedificant.
1375 2612 1524 2703 Scripsit
1581 2589 1582 2618 ¹

402 2719 491 2782 enim
506 2714 693 2781 omiliarum
703 2713 826 2778 librum
842 2737 964 2793 unum,
984 2713 1025 2777 de
1040 2714 1156 2778 mundi
1170 2712 1339 2804 principio
1358 2727 1391 2779 et
1409 2715 1521 2780 diver-

403 2820 448 2885 sis
464 2818 538 2884 aliis
552 2815 808 2884 condicionibus
818 2814 923 2880 libros
942 2840 999 2880 sex
1013 2839 1110 2880 versu
1128 2818 1383 2907 conpaginatos‚
1397 2819 1521 2908 episto·

402 2922 520 3012 laquae
543 2921 648 2986 libros
673 2943 808 2996 novem,
836 2915 924 2983 inter
949 2941 1031 3007 quas
1061 2919 1272 3006 supradictae
1303 2918 1523 2985 continentur

403 3024 575 3114 epistolae.
594 3021 707 3088 Refert
721 3021 810 3085 enim
825 3018 859 3084 in
876 3020 1019 3108 quadam
1036 3020 1172 3100 omelia,
1194 3045 1293 3110 quam
1313 3022 1356 3086 de
1371 3022 1520 3112 rogatio·
1534 3048 1563 3085 aa

403 3127 501 3193 nibus
517 3125 668 3215 scripsit,
688 3125 748 3188 has
770 3123 860 3211 ipsas
877 3121 1086 3214 rogationes,
1110 3147 1192 3213 quas
1215 3136 1291 3189 ante
1313 3124 1523 3190 ascensionis

402 3229 589 3296 dominicae
605 3226 811 3315 triumphum
825 3225 1063 3306 caelebramus,
1081 3250 1099 3290 a
1115 3229 1277 3294 Mamerto
1287 3226 1393 3317 ipsius
1406 3227 1525 3318 Vlessdl

286 3332 518 3404 torennensis
556 3328 648 3396 urbis
675 3326 853 3418 episcopo,
885 3327 937 3393 cui
967 3341 1000 3392 et
1021 3331 1076 3395 hic
1103 3353 1143 3394 eo
1172 3343 1323 3419 tempore
1349 3346 1521 3420 praeerat,
1579 3327 1580 3354 l

403 3432 573 3498 institutas
591 3432 709 3512 luisse,
727 3431 806 3495 dum
826 3429 917 3496 urbis
935 3431 991 3495 illa
1011 3430 1123 3498 multis
1140 3445 1323 3499 terreretur
1340 3435 1520 3529 prodigiis.

403 3537 486 3604 Nam
507 3537 616 3600 terrae
641 3545 732 3597 motu
755 3532 922 3622 frequenti
950 3532 1173 3646 quatiebatur,
1208 3537 1322 3602 sedet
1347 3563 1521 3611 cervorum
1537 3573 1564 3612 oo

404 3651 502 3728 atque
519 3637 672 3726 loporum
690 3634 803 3700 feritas
822 3649 936 3724 portas
952 3635 1121 3726 ingressa,
1141 3661 1201 3726 per
1218 3650 1341 3722 totam,
1361 3656 1399 3708 ut
1418 3649 1523 3739 scrip·

405 3742 466 3820 sit,
489 3741 605 3806 urbem
621 3737 705 3802 nihil
723 3749 874 3804 metuens
894 3739 1083 3804 oberrabat.
1100 3740 1249 3829 Cumque
1267 3742 1350 3809 haec
1366 3770 1427 3834 per
1443 3751 1524 3816 anni

405 3841 563 3907 circolum
580 3852 788 3930 gererentur,
814 3840 1067 3907 advenientibus
1078 3841 1245 3931 paschalis
1264 3845 1525 3939 sollempnitatis

404 3943 523 4009 diebus
535 3993 542 4024 ,
556 3942 752 4031 expectabat
767 3941 1029 4008 misericordiam
1048 3944 1109 4010 Dei
1120 3944 1217 4033 plebs
1237 3957 1307 4011 tota
1321 3949 1474 4034 devotae,
1488 3969 1526 4020 ut

404 4047 455 4112 vel
487 4045 542 4112 hic
574 4068 712 4136 magnae
740 4043 972 4112 sollemnitatis
989 4046 1061 4113 dies
1086 4047 1164 4112 huic
1194 4050 1313 4116 terrori
1342 4055 1525 4122 terminum
1541 4085 1566 4124 aa

405 4148 533 4214 darent.
558 4148 626 4214 Sed
645 4147 681 4213 in
698 4146 771 4237 ipsa
786 4146 952 4238 gloriosae
970 4150 1078 4214 noctis
1098 4149 1229 4240 vigilia,
1251 4152 1330 4218 dum
1345 4154 1525 4225 missarum

1111 4303 1529 4326 --.--...-..,

436 4370 458 4418 1.
477 4371 519 4420 rs.
531 4371 573 4430 at,
587 4370 624 4419 18.
636 4393 666 4407 -
682 4371 705 4419 2.
724 4369 766 4419 1²2.
780 4371 823 4430 ta,
835 4370 915 4418 10.-
931 4372 954 4419 3.
972 4370 1029 4420 Gal.
1044 4373 1073 4432 6,
1085 4373 1107 4420 7.
