3238 5140
866 669 991 736 1610.

394 837 1374 954 'GREGORntrvnonnnsis{3212120012111u1sm17
1393 891 1490 930 m,

365 962 565 1052 oonvnsslibri
575 964 703 1029 decem.
711 963 838 1048 Quibus
850 968 970 1028 nonita
978 964 1107 1052 pridem
1117 965 1265 1028 adiectos
1274 980 1321 1029 eet
1330 967 1412 1030 liber
1418 969 1468 1030 XI
1469 966 1492 1056 Η

363 1080 493 1130 eentum
522 1069 553 1134 d
592 1066 701 1129 decom
741 1089 904 1129 annorum
953 1066 1124 1130 historiam
1167 1065 1394 1158 oon-iitinens,
1424 1070 1490 1134 olio

365 1169 507 1258 quodam
541 1181 691 1241 auctore,
707 1166 721 1257 (l
734 1166 793 1231 His
824 1167 1057 1256 Appendioem
1093 1169 1134 1232 ad
1155 1169 1375 1260 Gregorium,
1414 1185 1490 1236 ante
1592 1167 1593 1196 ¹

366 1270 570 1360 quingentos
585 1268 598 1360 ΙΙ
612 1269 747 1334 circiter
763 1294 869 1334 annos
886 1269 1138 1350 concinnatam,
1157 1270 1288 1360 aliaque
1304 1273 1465 1338 nonnulla
1480 1275 1493 1365 Η
1592 1295 1593 1346 ξ

367 1371 517 1437 eiusdem
536 1373 689 1440 seculi&
707 1371 894 1463 argumenti
910 1374 1089 1461 opuscula,
1110 1397 1182 1461 quae
1199 1374 1328 1464 pagella
1346 1400 1491 1464 sequens
1592 1377 1593 1414 ³

367 1472 518 1552 docebit,
538 1475 701 1540 hactenus
723 1497 791 1540 non
811 1474 901 1538 edita
914 1475 928 1563 {i
945 1475 1165 1540 adtexuimus.
1185 1473 1199 1565 ΙΙ
1212 1478 1267 1540 Ex
1285 1477 1492 1542 Bibliotheca
1592 1543 1593 1566 ,

368 1579 464 1641 ann.
496 1579 672 1642 Bocnnnm.
701 1571 715 1668 Η
738 1577 875 1663 (Armes
903 1578 945 1642 de
971 1579 1116 1655 Franco,
1146 1601 1224 1642 avec
1249 1578 1280 1644 le
1306 1579 1423 1645 collier
1451 1581 1491 1644 de
1592 1573 1593 1594 ¹

369 1679 403 1744 S.
422 1677 572 1764 Michet.)
586 1675 600 1767 Η
613 1679 814 1758 PARISHS,
831 1676 844 1769 Η
861 1665 886 1744 Ε
905 1679 1141 1768 Typographiit
1156 1682 1258 1744 Parni
1274 1682 1490 1760 Cnnvnnnnn,
1592 1699 1593 1778 ]

367 1780 402 1844 iu
418 1776 431 1866 ΙΙ
450 1791 564 1843 monte
585 1782 625 1844 D.
649 1779 777 1866 Hilarij.
799 1777 812 1868 {1
829 1783 873 1845 M.
898 1782 966 1845 DC.
991 1784 1030 1844 X.
1053 1778 1066 1870 Η
1085 1782 1164 1846 Cum
1181 1783 1361 1871 Priuiiegio
1381 1785 1489 1872 Regis.
1592 1781 1593 1784 ¹

412 1919 462 1984 Au
477 1928 511 1984 v⁰
526 1919 571 1985 du
584 1920 679 2002 titre,
697 1921 883 1986 indication
900 1921 959 1985 des
977 1921 1152 1986 differents
1171 1924 1349 2011 opuscuIes
1365 1926 1492 2010 ajoute's
1592 1921 1593 2016 i

370 2045 430 2110 par
449 2021 624 2087 l'editeur:

413 2123 484 2188 Fol.
507 2126 536 2188 b.
560 2124 727 2190 Dedicace
750 2151 767 2187 «
785 2123 925 2191 Nicolao
946 2125 1122 2205 Choartio,
1146 2123 1346 2190 Consiliario
1367 2126 1490 2218 Regio,
1592 2199 1593 2206 ἵ

369 2229 401 2294 &
418 2224 584 2291 rationum
601 2227 811 2315 publicarum
829 2226 1021 2292 Correctori
1043 2225 1257 2292 meritissimo
1270 2227 1291 2290 ¹.
1314 2255 1331 2289 r

413 2327 484 2392 Fol.
508 2329 540 2391 d.
564 2328 719 2419 Gregorii
740 2329 945 2394 Turonensis
962 2328 1037 2394 vitae
1056 2327 1267 2396 breviarium.
1592 2405 1593 2434 1

413 2430 483 2495 Fol.
503 2457 536 2520 g.
556 2457 574 2493 «
593 2433 642 2496 Ex
653 2430 729 2495 libr.
750 2430 1125 2497 loannisTrithemiide
1145 2431 1367 2520 scriptoribus
1388 2434 1492 2498 eccle·

370 2531 524 2597 siastiois.
553 2559 570 2595 n
1592 2591 1593 2626 3

413 2635 485 2706 Fol.
518 2641 610 2724 ἔνθ.
643 2634 808 2724 Privilige
842 2636 886 2699 du
920 2636 1003 2722 Roy,
1037 2660 1125 2724 pour
1155 2635 1270 2701 Pierre
1303 2639 1490 2718 Chevalier,
1592 2629 1593 2690 i

369 2735 565 2825 imprimeur
580 2750 613 2801 et
625 2735 761 2802 libraire
775 2739 850 2824 jure
867 2761 908 2800 en
924 2737 1129 2803 l'universitt
1146 2739 1187 2802 de
1206 2739 1317 2818 Parin,
1335 2764 1420 2828 pour
1437 2741 1493 2804 dix

370 2861 428 2902 ans
449 2838 580 2926 (1610).

414 2942 449 3005 P.
476 2939 589 3004 1-520.
610 2938 755 3004 Histoire
776 2940 818 3004 de
836 2941 1000 3030 Gregoire
1020 2942 1061 3006 de
1082 2944 1198 3007 Tours.

414 3044 462 3123 [P.
484 3040 657 3123 521-526.]
676 3067 692 3103 n
710 3039 815 3105 Index
831 3041 909 3106 libri
930 3045 975 3107 XI
994 3068 1052 3108 seu
1071 3043 1290 3134 Appendicis.
1314 3071 1330 3106 n

413 3146 450 3210 P.
474 3142 560 3208 1·78.
585 3168 602 3204 a
623 3141 828 3208 Undecimus
848 3141 935 3208 liber
953 3145 1021 3208 sive
1041 3145 1232 3236 Appendix.
1256 3173 1273 3208 n
1592 3221 1593 3244 χ

414 3248 450 3310 Ρ.
478 3244 610 3309 79-209.
640 3246 756 3309 Ρίὸοθε
780 3245 928 3310 diverses
951 3249 1099 3334 ajoute'es
1125 3247 1301 3336 indiquees
1327 3273 1366 3312 au
1395 3272 1492 3314 verso

369 3347 413 3411 du
434 3345 561 3411 feuillet
583 3346 624 3411 dc
645 3345 734 3412 titre.
1592 3333 1593 3354 Χ

413 3451 449 3513 Ρ.
470 3445 633 3528 210·233,
651 3471 719 3512 non
741 3447 909 3514 chiffrees.
928 3449 1043 3514 Index.

412 3552 450 3615 P.
482 3549 643 3630 234-250,
674 3576 742 3616 non
772 3551 939 3617 chiffrees.
974 3578 991 3614 a
1020 3551 1071 3616 Ad
1102 3554 1256 3643 Gregorii
1285 3555 1491 3620 Turonensis

368 3650 472 3715 libros
497 3649 644 3716 historiae
670 3656 875 3717 Francorum
899 3651 1005 3720 Variae
1030 3654 1192 3720 lectiones
1217 3655 1337 3744 partim
1363 3681 1402 3720 ex
1427 3681 1487 3721 ms.

369 3753 452 3818 Cod.
489 3754 567 3819 Ant.
609 3753 727 3820 Oiselii
765 3757 817 3819 lC.
863 3755 983 3842 partim
1010 3779 1050 3820 ex
1083 3758 1286 3822 membranis
1322 3759 1491 3824 Laurentii

368 3847 521 3920 Bbchelli
550 3869 765 3945 excerptae.»

397 4152 421 4200 1.
438 4151 478 4200 On
496 4153 528 4202 lit
544 4152 609 4200 dans
628 4153 654 4200 la
670 4152 791 4201 dedicare
809 4169 814 4201 :
835 4170 846 4200 a
865 4154 1022 4218 Gregorium
1042 4155 1220 4203 Turonensem
1236 4156 1368 4219 integrum
1385 4159 1491 4216 evolve,

365 4230 442 4278 quem
452 4215 552 4262 coeteris
565 4215 777 4271 emendatiorem,
792 4223 817 4264 et
827 4232 950 4279 magnam
961 4223 1064 4326 fortem
1075 4217 1108 4265 ad
1120 4220 1178 4267 Ant.
1190 4218 1272 4266 Oiseli
1282 4220 1332 4266 viri
1345 4220 1492 4268 doctissimi

364 4277 565 4404 ibindbgfflimi
573 4277 739 4325 membranas
750 4278 834 4326 literis
843 4279 962 4342 majuscu
973 4279 996 4326 ir
1010 4279 1123 4344 scriptos
1132 4281 1286 4330 collatum„
1298 4283 1331 4330 ad
1342 4287 1369 4329 te
1380 4283 1463 4331 mitto.
1479 4301 1491 4331 r
