3256 5144
428 428 593 476 lllS'l’ORlAE
611 424 812 474 FRANGORUM
830 426 926 474 LIBER
947 427 975 473 V.
1217 433 1258 478 tel

140 545 241 610 silium
284 541 531 610 Theodericum
567 537 711 606 nomine.
752 546 858 624 Quem
896 543 1096 626 Maeliavus,
1136 547 1260 612 oblitus

140 646 355 724 sacramenti,
378 645 551 734 expulsum
570 669 585 707 a
602 644 725 732 patria,
746 668 885 734 regnum
903 644 1008 733 patris
1028 646 1098 711 eius
1116 649 1256 737 accipit.

140 752 199 814 llic
217 775 295 816 vero
316 749 420 814 multo
440 761 591 835 tempore
612 747 773 835 profugus
797 771 990 836 vagansque
1013 748 1085 814 fuit.
1112 751 1173 816 Cui
1190 763 1260 816 tan·

139 865 208 916 tum
251 853 406 915 misertus
443 852 551 929 Deus,
590 848 739 912 collectis
774 872 792 912 a
825 850 989 914 Brittania
1023 851 1119 932 viris,
1163 878 1263 942 super

110 977 123 1015 5
138 953 334 1018 hlacliavum
354 951 478 1016 obiecit
489 975 630 1038 eumque
647 975 721 1014 cum
742 949 811 1015 filio
828 950 899 1014 eius
914 953 1013 1018 Iacob
1030 953 1144 1042 gladio
1157 954 1262 1020 inter·

140 1056 219 1120 emit
239 1069 434 1144 partemque
453 1051 568 1143 regui,
589 1077 688 1141 quam
718 1053 859 1117 condam
881 1065 975 1140 pater
993 1056 1065 1119 eius
1091 1067 1260 1134 tenuerat,

138 1158 173 1222 in
202 1181 260 1222 sua
287 1169 452 1243 potestate
481 1154 646 1232 restituit3
682 1168 810 1242 partem
842 1179 919 1218 vero
954 1155 1051 1220 aliam
1084 1161 1260 1238 Warocus,

138 1257 292 1324 Maeliavi
316 1258 416 1336 filius,
434 1256 625 1320 vindicavit.

184 1429 227 1492 XI
249 1426 326 1514 (17).
351 1425 622 1491 Guntchramnus
640 1448 718 1488 vero
735 1448 792 1488 rex
809 1424 892 1488 duos
911 1426 1075 1515 Magnarii
1094 1428 1261 1516 quondam

98 1552 122 1590 m
139 1527 239 1618 filli⁰⁵
258 1528 371 1618 gladio
391 1527 573 1604 interemit,
596 1549 656 1612 pro
674 1551 712 1590 ec
729 1526 819 1614 quod
837 1524 870 1590 in
888 1525 1158 1593 Austrechildem
1178 1533 1328 1622 regi-001¹
1343 1561 1397 1607 221,

141 1655 214 1694 uam
241 1629 379 1717 eiusque
409 1629 543 1692 suboles
579 1627 682 1692 multa
713 1628 924 1693 detestabilia
954 1642 1054 1718 atque
1078 1635 1262 1698 execranda

138 1733 340 1819 proterrent,
359 1730 599 1818 facultatesque
616 1754 729 1794 eorum
747 1729 828 1794 fisco
850 1755 909 1794 suo
925 1731 1058 1822 redigit.
1083 1737 1157 1821 lpse
1179 1761 1263 1823 quo-

139 1858 203 1921 que
224 1834 308 1898 duos
327 1832 412 1897 filios
437 1857 513 1896 suos
532 1833 643 1896 subito
664 1832 781 1896 morbo
802 1835 1018 1920 oppraessosl
1035 1836 1199 1922 perdidit3
1220 1839 1262 1902 dc

139 1959 281 2023 quorum
297 1934 515 1998 funercvaldc
531 1932 820 2012 contristatuscst,
832 1959 872 1998 eo
888 1935 977 2021 quod
990 1937 1261 2025 orbatusabsque

98 2035 255 2102 reliberis
289 2035 517 2100 remansisset.
552 2038 598 2100 Eo
631 2059 717 2100 arruo
747 2037 901 2100 dubietas
938 2039 1082 2123 paschae
1113 2039 1185 2104 fuit.
1224 2042 1261 2104 ln

140 2138 257 2206 Galliis
292 2164 368 2204 vero
406 2164 465 2203 nos
503 2163 577 2202 cum
609 2138 721 2202 multis
756 2137 946 2204 civitatibus
981 2165 1054 2206 xnn
1104 2143 1261 2208 kalendas

138 2241 241 2308 Maias
254 2253 404 2306 sanctum
422 2243 566 2328 paschae
585 2241 803 2312 celebramus.
823 2241 888 2306 Alii
907 2267 985 2306 vcro
1007 2267 1081 2308 cum
1104 2245 1261 2332 Hispanis

137 2341 337 2408 duodecimo
357 2341 516 2406 kalendas
534 2340 660 2430 Aprilis
681 2341 938 2407 sollemnitatem
957 2344 1044 2409 hanc
1062 2357 1259 2426 tenueruut;

136 2460 265 2522 tamen,
286 2444 468 2521 utlerunt,
496 2443 604 2506 tontes
627 2442 714 2526 illae,
747 2443 858 2530 quiin
885 2442 1055 2531 Hispaniis
1087 2460 1169 2511 nutu
1199 2450 1260 2514 Dei

93 2573 120 2609 aa
137 2547 359 2633 complentur,
381 2543 415 2608 in
434 2557 585 2608 nostrum
601 2543 721 2633 repleti
740 2558 828 2609 sunt.

180 2647 310 2714 Cainon
335 2671 413 2711 vero
442 2648 643 2712 Toronicum
665 2646 790 2726 vicum,
818 2647 896 2711 dum
935 2649 1044 2735 ipsum
1075 2650 1259 2739 gloriosum

135 2749 391 2816 resurrectionis
411 2747 598 2813 dominicae
622 2749 675 2813 die
702 2748 821 2812 missae
843 2750 1110 2832 celebrarentur,
1138 2754 1260 2819 eclesia

120 2846 352 2930 'contremuit,
373 2849 583 2938 populusque
605 2849 806 2914 conterritus
826 2874 996 2938 apavore,
1020 2876 1118 2918 uuam
1143 2879 1258 2920 vocem

134 2955 238 3032 dedit,
259 2952 388 3031 dicens,
408 2950 629 3039 quodeelesia
650 2952 797 3030 caderet,
822 2953 1002 3041 cunctique
1021 2955 1061 3016 ah
1079 2979 1138 3036 ea,
1158 2955 1258 3020 etiam

88 3081 117 3118 25
133 3055 340 3144 pereffractis
361 3053 476 3132 osteis,
496 3053 684 3143 perfugam
706 3052 791 3141 lapsi
810 3066 898 3118 sunt.
929 3056 1049 3144 Magna
1073 3070 1150 3144 post
1174 3059 1257 3123 haec

133 3158 203 3222 lues
224 3155 384 3244 populum
401 3153 594 3218 devastavit.

176 3262 257 3324 Post
281 3259 363 3320 hacc
382 3257 653 3320 Guntchramnus
672 3280 730 3319 rex
747 3256 788 3319 ad
809 3255 1081 3336 Childebertum,
1099 3271 1258 3348 nepotem

134 3386 248 3438 suum,
270 3359 400 3448 legatos
425 3357 541 3438 mittit,
574 3382 691 3444 pacem
710 3371 829 3446 petens
850 3355 863 3448 ΙΙ
887 3383 923 3422 ae
951 3359 1157 3446 depraecans
1181 3386 1257 3426 eum
1267 3373 1321 3420 1³01.
1337 3377 1366 3420 cc
1378 3385 1411 3422 ir.

133 3458 529 3526 vide1·c.Tuncillecum
549 3458 746 3547 proceribus
768 3458 835 3524 suis
855 3461 895 3524 ad
915 3484 989 3524 eum
1007 3460 1118 3540 venit;
1139 3463 1196 3553 qui
1213 3464 1254 3527 ad

87 3591 118 3627 ao
132 3567 272 3629 Pontem
298 3586 396 3649 quem
430 3560 578 3624 Petrium
607 3562 755 3626 vocitant
783 3561 953 3625 coniuncti
986 3575 1080 3641 sunt,
1114 3587 1255 3652 cumque

133 3666 315 3730 salutantes
341 3675 439 3751 atque
460 3661 602 3726 invicem
621 3662 810 3727 osculantes
838 3685 884 3727 se.
909 3664 1182 3728 Guntchramnus
1199 3689 1257 3728 rex

132 3767 178 3831 ait
197 3793 204 3831 :
226 3794 242 3828 a
261 3763 380 3830 Evenit
394 3763 528 3853 inpulso
545 3777 759 3852 peccatorum
773 3789 934 3844 meorum,
948 3778 983 3829 ut
995 3767 1121 3854 absque
1139 3765 1255 3830 liberis

133 3892 352 3945 remanerem,
369 3881 402 3931 et
416 3867 493 3932 ideo
512 3880 590 3955 peto
611 3879 646 3932 ut
660 3869 715 3932 hic
732 3893 839 3955 nepus
857 3892 951 3932 meus
964 3867 1044 3932 mihi
1061 3867 1104 3933 sit
1121 3869 1219 3934 filius.
1237 3896 1253 3931 a

133 3973 175 4035 Et
193 3973 360 4060 inponens
379 3993 453 4032 cunr
466 3993 565 4057 super
579 3969 771 4034 cathedram
782 3994 885 4050 suam,
905 3981 1061 4034 cerretum
1074 3971 1104 4034 ci
1115 3995 1254 4062 regnum

89 4101 117 4140 aa
132 4071 289 4148 tradidit,
312 4070 454 4134 diceus:
479 4097 495 4132 a
518 4074 590 4136 Una
605 4095 667 4134 nos
691 4069 805 4160 parma
827 4083 982 4160 protegat
1006 4095 1137 4159 unaque
1160 4073 1254 4136 hasta

133 4171 301 4238 defendat.
325 4171 422 4253 Quod
442 4170 468 4234 si
486 4171 572 4236 filios
591 4173 753 4250 habuero,
773 4185 806 4236 te
822 4171 1072 4236 nihilhomenus
1087 4184 1254 4262 tamquam

135 4299 234 4340 unum
255 4297 294 4338 ex
311 4271 364 4336 his
380 4275 554 4360 reputabo,
576 4286 612 4336 ut
629 4273 685 4337 illa
701 4299 774 4338 eum
796 4273 843 4337 eis
863 4287 1041 4362 tecumque
1062 4288 1255 4360 permaneat

166 4413 184 4458 l.
206 4415 274 4459 sorr.
295 4427 464 4473 appraessus.
1123 4411 1145 4446 11
