<?xml version="1.0" encoding="UTF-8"?>
<!DOCTYPE html PUBLIC "-//W3C//DTD XHTML 1.0 Transitional//EN"
    "http://www.w3.org/TR/xhtml1/DTD/xhtml1-transitional.dtd">
<html xmlns="http://www.w3.org/1999/xhtml" xml:lang="en" lang="en">
 <head>
  <title>
</title>
<meta http-equiv="Content-Type" content="text/html;charset=utf-8" />
  <meta name='ocr-system' content='tesseract 3.04.00' />
  <meta name='ocr-capabilities' content='ocr_page ocr_carea ocr_par ocr_line ocrx_word'/>
</head>
<body>
  <div class='ocr_page' id='page_1' title='image "./grgoiredetoursh00greggoog_0190.png"; bbox 0 0 3226 5156; ppageno 0'>
   <div class='ocr_carea' id='block_1_1' title="bbox 361 417 1194 469">
    <p class='ocr_par' dir='ltr' id='par_1_1' title="bbox 361 417 1194 469">
     <span class='ocr_line' id='line_1_1' title="bbox 361 417 1194 469; baseline -0.001 -3"><span class='ocrx_word' id='word_1_1' title='bbox 361 420 404 466; x_wconf 69' lang='lat'><strong>1⁸28</strong></span> <span class='ocrx_word' id='word_1_2' title='bbox 489 448 493 456; x_wconf 57' lang='grc' dir='ltr'>ι</span> <span class='ocrx_word' id='word_1_3' title='bbox 644 417 801 466; x_wconf 71' lang='lat' dir='ltr'><strong>Gauaoau</strong></span> <span class='ocrx_word' id='word_1_4' title='bbox 819 417 1027 466; x_wconf 79' lang='lat' dir='ltr'><strong>TURONENSIS</strong></span> <span class='ocrx_word' id='word_1_5' title='bbox 1044 417 1194 469; x_wconf 77' lang='lat' dir='ltr'><strong>EPISGOPI</strong></span> 
     </span>
    </p>
   </div>
   <div class='ocr_carea' id='block_1_2' title="bbox 359 532 1607 2138">
    <p class='ocr_par' dir='ltr' id='par_1_2' title="bbox 359 532 1607 2138">
     <span class='ocr_line' id='line_1_2' title="bbox 359 532 1477 598; baseline -0.001 -15"><span class='ocrx_word' id='word_1_6' title='bbox 359 535 425 584; x_wconf 89' lang='lat' dir='ltr'><strong>Nam</strong></span> <span class='ocrx_word' id='word_1_7' title='bbox 448 533 583 582; x_wconf 83' lang='lat' dir='ltr'><strong>Euirasias</strong></span> <span class='ocrx_word' id='word_1_8' title='bbox 603 533 741 597; x_wconf 86' lang='lat' dir='ltr'><strong>presbiter,</strong></span> <span class='ocrx_word' id='word_1_9' title='bbox 767 533 837 582; x_wconf 88' lang='lat' dir='ltr'><strong>filius</strong></span> <span class='ocrx_word' id='word_1_10' title='bbox 856 532 988 596; x_wconf 85' lang='lat' dir='ltr'><strong>quondam</strong></span> <span class='ocrx_word' id='word_1_11' title='bbox 1012 533 1139 582; x_wconf 88' lang='lat' dir='ltr'><strong>senatoris</strong></span> <span class='ocrx_word' id='word_1_12' title='bbox 1163 534 1276 591; x_wconf 86' lang='lat' dir='ltr'><strong>Euvodi‚</strong></span> <span class='ocrx_word' id='word_1_13' title='bbox 1303 542 1439 598; x_wconf 87' lang='lat' dir='ltr'><strong>susceptas</strong></span> <span class='ocrx_word' id='word_1_14' title='bbox 1462 553 1477 582; x_wconf 86' lang='lat' dir='ltr'><strong>a</strong></span> 
     </span>
     <span class='ocr_line' id='line_1_3' title="bbox 359 595 1477 660; baseline -0.001 -15"><span class='ocrx_word' id='word_1_15' title='bbox 359 597 462 646; x_wconf 88' lang='lat' dir='ltr'><strong>ludaeis</strong></span> <span class='ocrx_word' id='word_1_16' title='bbox 473 595 571 659; x_wconf 86' lang='lat' dir='ltr'><strong>species</strong></span> <span class='ocrx_word' id='word_1_17' title='bbox 585 611 703 658; x_wconf 85' lang='lat' dir='ltr'><strong>magnas,</strong></span> <span class='ocrx_word' id='word_1_18' title='bbox 715 595 771 658; x_wconf 90' lang='lat' dir='ltr'><strong>regi</strong></span> <span class='ocrx_word' id='word_1_19' title='bbox 783 611 831 659; x_wconf 90' lang='lat' dir='ltr'><strong>per</strong></span> <span class='ocrx_word' id='word_1_20' title='bbox 843 601 983 658; x_wconf 86' lang='lat' dir='ltr'><strong>cognatum</strong></span> <span class='ocrx_word' id='word_1_21' title='bbox 993 611 1070 643; x_wconf 88' lang='lat' dir='ltr'><strong>suum</strong></span> <span class='ocrx_word' id='word_1_22' title='bbox 1082 595 1257 660; x_wconf 86' lang='lat' dir='ltr'><strong>Beregisilum</strong></span> <span class='ocrx_word' id='word_1_23' title='bbox 1269 596 1349 651; x_wconf 89' lang='lat' dir='ltr'><strong>misit,</strong></span> <span class='ocrx_word' id='word_1_24' title='bbox 1363 604 1392 644; x_wconf 90' lang='lat' dir='ltr'><strong>ut</strong></span> <span class='ocrx_word' id='word_1_25' title='bbox 1404 597 1477 644; x_wconf 89' lang='lat' dir='ltr'><strong>scili·</strong></span> 
     </span>
     <span class='ocr_line' id='line_1_4' title="bbox 359 657 1476 723; baseline 0 -16"><span class='ocrx_word' id='word_1_26' title='bbox 359 665 407 713; x_wconf 85' lang='lat' dir='ltr'><strong>cet,</strong></span> <span class='ocrx_word' id='word_1_27' title='bbox 422 659 490 723; x_wconf 88' lang='lat' dir='ltr'><strong>quod</strong></span> <span class='ocrx_word' id='word_1_28' title='bbox 501 657 600 705; x_wconf 90' lang='lat' dir='ltr'><strong>meritis</strong></span> <span class='ocrx_word' id='word_1_29' title='bbox 612 658 729 720; x_wconf 81' lang='lat' dir='ltr'><strong>optinere</strong></span> <span class='ocrx_word' id='word_1_30' title='bbox 742 675 792 704; x_wconf 91' lang='lat' dir='ltr'><strong>non</strong></span> <span class='ocrx_word' id='word_1_31' title='bbox 805 663 920 720; x_wconf 87' lang='lat' dir='ltr'><strong>poterat,</strong></span> <span class='ocrx_word' id='word_1_32' title='bbox 937 658 1060 720; x_wconf 88' lang='lat' dir='ltr'><strong>praemiis</strong></span> <span class='ocrx_word' id='word_1_33' title='bbox 1073 659 1211 721; x_wconf 77' lang='lat' dir='ltr'><strong>optineret.</strong></span> <span class='ocrx_word' id='word_1_34' title='bbox 1224 659 1289 706; x_wconf 88' lang='lat' dir='ltr'><strong>Erat</strong></span> <span class='ocrx_word' id='word_1_35' title='bbox 1301 659 1406 722; x_wconf 89' lang='lat' dir='ltr'><strong>quidem</strong></span> <span class='ocrx_word' id='word_1_36' title='bbox 1422 659 1476 707; x_wconf 88' lang='lat' dir='ltr'><strong>ele·</strong></span> 
     </span>
     <span class='ocr_line' id='line_1_5' title="bbox 379 719 1477 786; baseline 0 -17"><span class='ocrx_word' id='word_1_37' title='bbox 379 737 426 770; x_wconf 90' lang='lat' dir='ltr'><strong>ans</strong></span> <span class='ocrx_word' id='word_1_38' title='bbox 437 723 465 768; x_wconf 92' lang='lat' dir='ltr'><strong>in</strong></span> <span class='ocrx_word' id='word_1_39' title='bbox 475 719 682 776; x_wconf 87' lang='lat' dir='ltr'><strong>conversatione,</strong></span> <span class='ocrx_word' id='word_1_40' title='bbox 695 721 739 767; x_wconf 90' lang='lat' dir='ltr'><strong>sed</strong></span> <span class='ocrx_word' id='word_1_41' title='bbox 752 736 803 767; x_wconf 92' lang='lat' dir='ltr'><strong>non</strong></span> <span class='ocrx_word' id='word_1_42' title='bbox 816 726 871 767; x_wconf 89' lang='lat' dir='ltr'><strong>erat</strong></span> <span class='ocrx_word' id='word_1_43' title='bbox 881 726 969 767; x_wconf 77' lang='lat' dir='ltr'><strong>castris</strong></span> <span class='ocrx_word' id='word_1_44' title='bbox 982 721 1009 767; x_wconf 90' lang='lat' dir='ltr'><strong>in</strong></span> <span class='ocrx_word' id='word_1_45' title='bbox 1021 735 1107 783; x_wconf 88' lang='lat' dir='ltr'><strong>opere,</strong></span> <span class='ocrx_word' id='word_1_46' title='bbox 1122 727 1147 768; x_wconf 89' lang='lat' dir='ltr'><strong>et</strong></span> <span class='ocrx_word' id='word_1_47' title='bbox 1160 720 1315 786; x_wconf 89' lang='lat' dir='ltr'><strong>plerumque</strong></span> <span class='ocrx_word' id='word_1_48' title='bbox 1328 721 1477 770; x_wconf 90' lang='lat' dir='ltr'><strong>inebriabat</strong></span> 
     </span>
     <span class='ocr_line' id='line_1_6' title="bbox 360 739 1520 845; baseline -0.002 -13"><span class='ocrx_word' id='word_1_49' title='bbox 360 739 501 840; x_wconf 77' lang='lat' dir='ltr'><strong>barbaros,</strong></span> <span class='ocrx_word' id='word_1_50' title='bbox 515 783 560 830; x_wconf 87' lang='lat' dir='ltr'><strong>sed</strong></span> <span class='ocrx_word' id='word_1_51' title='bbox 571 797 629 830; x_wconf 91' lang='lat' dir='ltr'><strong>rare</strong></span> <span class='ocrx_word' id='word_1_52' title='bbox 645 782 778 830; x_wconf 88' lang='lat' dir='ltr'><strong>reficiebat</strong></span> <span class='ocrx_word' id='word_1_53' title='bbox 793 797 896 845; x_wconf 86' lang='lat' dir='ltr'><strong>egenos.</strong></span> <span class='ocrx_word' id='word_1_54' title='bbox 912 783 944 829; x_wconf 87' lang='lat' dir='ltr'><strong>Et</strong></span> <span class='ocrx_word' id='word_1_55' title='bbox 959 782 1049 838; x_wconf 87' lang='lat' dir='ltr'><strong>credo,</strong></span> <span class='ocrx_word' id='word_1_56' title='bbox 1071 783 1134 830; x_wconf 88' lang='lat' dir='ltr'><strong>haec</strong></span> <span class='ocrx_word' id='word_1_57' title='bbox 1152 799 1232 830; x_wconf 90' lang='lat' dir='ltr'><strong>causa</strong></span> <span class='ocrx_word' id='word_1_58' title='bbox 1248 783 1363 841; x_wconf 88' lang='lat' dir='ltr'><strong>obstitit,</strong></span> <span class='ocrx_word' id='word_1_59' title='bbox 1381 789 1476 831; x_wconf 89' lang='lat' dir='ltr'><strong>utnon</strong></span> <span class='ocrx_word' id='word_1_60' title='bbox 1507 785 1520 823; x_wconf 77' lang='grc'><strong>5</strong></span> 
     </span>
     <span class='ocr_line' id='line_1_7' title="bbox 360 843 1475 952; baseline 0 -59"><span class='ocrx_word' id='word_1_61' title='bbox 360 845 497 908; x_wconf 86' lang='lat' dir='ltr'><strong>optineret,</strong></span> <span class='ocrx_word' id='word_1_62' title='bbox 510 845 636 908; x_wconf 87' lang='lat' dir='ltr'><strong>quianon</strong></span> <span class='ocrx_word' id='word_1_63' title='bbox 650 860 697 917; x_wconf 89' lang='lat' dir='ltr'><strong>per</strong></span> <span class='ocrx_word' id='word_1_64' title='bbox 709 845 802 900; x_wconf 85' lang='lat' dir='ltr'><strong>Deum,</strong></span> <span class='ocrx_word' id='word_1_65' title='bbox 821 844 864 892; x_wconf 89' lang='lat' dir='ltr'><strong>sed</strong></span> <span class='ocrx_word' id='word_1_66' title='bbox 870 859 927 952; x_wconf 68' lang='lat' dir='ltr'><strong>tper</strong></span> <span class='ocrx_word' id='word_1_67' title='bbox 940 843 1059 892; x_wconf 88' lang='lat' dir='ltr'><strong>homines</strong></span> <span class='ocrx_word' id='word_1_68' title='bbox 1071 844 1183 909; x_wconf 79' lang='lat' dir='ltr'><strong>adipisci</strong></span> <span class='ocrx_word' id='word_1_69' title='bbox 1198 845 1281 893; x_wconf 85' lang='lat' dir='ltr'><strong>voluit</strong></span> <span class='ocrx_word' id='word_1_70' title='bbox 1293 846 1341 894; x_wconf 91' lang='lat' dir='ltr'><strong>hos</strong></span> <span class='ocrx_word' id='word_1_71' title='bbox 1355 846 1475 893; x_wconf 86' lang='lat' dir='ltr'><strong>honores.</strong></span> 
     </span>
     <span class='ocr_line' id='line_1_8' title="bbox 361 906 1476 971; baseline 0 -15"><span class='ocrx_word' id='word_1_72' title='bbox 361 907 412 956; x_wconf 87' lang='lat' dir='ltr'><strong>Sed</strong></span> <span class='ocrx_word' id='word_1_73' title='bbox 424 923 471 956; x_wconf 86' lang='lat' dir='ltr'><strong>nec</strong></span> <span class='ocrx_word' id='word_1_74' title='bbox 481 907 548 954; x_wconf 91' lang='lat' dir='ltr'><strong>illud</strong></span> <span class='ocrx_word' id='word_1_75' title='bbox 560 907 645 970; x_wconf 90' lang='lat' dir='ltr'><strong>potuit</strong></span> <span class='ocrx_word' id='word_1_76' title='bbox 655 907 803 962; x_wconf 78' lang='lat' dir='ltr'><strong>immutari,</strong></span> <span class='ocrx_word' id='word_1_77' title='bbox 817 923 867 970; x_wconf 88' lang='lat' dir='ltr'><strong>quo</strong></span> <span class='ocrx_word' id='word_1_78' title='bbox 900 906 1023 954; x_wconf 81' lang='lat' dir='ltr'><strong>Dominus</strong></span> <span class='ocrx_word' id='word_1_79' title='bbox 1040 921 1088 971; x_wconf 86' lang='lat' dir='ltr'><strong>per</strong></span> <span class='ocrx_word' id='word_1_80' title='bbox 1108 923 1137 954; x_wconf 83' lang='lat' dir='ltr'><strong>os</strong></span> <span class='ocrx_word' id='word_1_81' title='bbox 1151 908 1234 955; x_wconf 90' lang='lat' dir='ltr'><strong>sancti</strong></span> <span class='ocrx_word' id='word_1_82' title='bbox 1251 907 1384 964; x_wconf 80' lang='lat' dir='ltr'><strong>Quintiani</strong></span> <span class='ocrx_word' id='word_1_83' title='bbox 1403 908 1476 956; x_wconf 89' lang='lat' dir='ltr'><strong>locu&#39;-</strong></span> 
     </span>
     <span class='ocr_line' id='line_1_9' title="bbox 360 968 1476 1042; baseline 0 -24"><span class='ocrx_word' id='word_1_84' title='bbox 360 977 470 1025; x_wconf 81' lang='lat' dir='ltr'><strong>tuaest,</strong></span> <span class='ocrx_word' id='word_1_85' title='bbox 491 969 571 1034; x_wconf 89' lang='lat' dir='ltr'><strong>quia:</strong></span> <span class='ocrx_word' id='word_1_86' title='bbox 587 986 599 1016; x_wconf 81' lang='lat' dir='ltr'><strong>a</strong></span> <span class='ocrx_word' id='word_1_87' title='bbox 619 969 675 1016; x_wconf 91' lang='lat' dir='ltr'><strong>Non</strong></span> <span class='ocrx_word' id='word_1_88' title='bbox 692 969 777 1032; x_wconf 90' lang='lat' dir='ltr'><strong>surgit</strong></span> <span class='ocrx_word' id='word_1_89' title='bbox 790 969 822 1016; x_wconf 91' lang='lat' dir='ltr'><strong>de</strong></span> <span class='ocrx_word' id='word_1_90' title='bbox 842 968 923 1032; x_wconf 79' lang='lat' dir='ltr'><strong>stirpe</strong></span> <span class='ocrx_word' id='word_1_91' title='bbox 941 969 1070 1022; x_wconf 81' lang='lat' dir='ltr'><strong>llortinsi,</strong></span> <span class='ocrx_word' id='word_1_92' title='bbox 1089 969 1134 1042; x_wconf 89' lang='lat' dir='ltr'><strong>qui</strong></span> <span class='ocrx_word' id='word_1_93' title='bbox 1152 975 1227 1032; x_wconf 84' lang='lat' dir='ltr'><strong>regat</strong></span> <span class='ocrx_word' id='word_1_94' title='bbox 1242 970 1379 1018; x_wconf 86' lang='lat' dir='ltr'><strong>ecclesiam</strong></span> <span class='ocrx_word' id='word_1_95' title='bbox 1392 970 1447 1018; x_wconf 87' lang='lat' dir='ltr'><strong>Dei.</strong></span> <span class='ocrx_word' id='word_1_96' title='bbox 1464 987 1476 1018; x_wconf 80' lang='lat' dir='ltr'><strong>a</strong></span> 
     </span>
     <span class='ocr_line' id='line_1_10' title="bbox 361 1030 1478 1096; baseline -0.001 -16"><span class='ocrx_word' id='word_1_97' title='bbox 361 1033 539 1096; x_wconf 86' lang='lat' dir='ltr'><strong>Congregatos</strong></span> <span class='ocrx_word' id='word_1_98' title='bbox 556 1030 638 1094; x_wconf 90' lang='lat' dir='ltr'><strong>igitur</strong></span> <span class='ocrx_word' id='word_1_99' title='bbox 651 1031 743 1079; x_wconf 81' lang='lat' dir='ltr'><strong>Abitus</strong></span> <span class='ocrx_word' id='word_1_100' title='bbox 762 1030 960 1079; x_wconf 90' lang='lat' dir='ltr'><strong>archidiaconus</strong></span> <span class='ocrx_word' id='word_1_101' title='bbox 981 1031 1083 1078; x_wconf 78' lang='lat' dir='ltr'><strong>clericis</strong></span> <span class='ocrx_word' id='word_1_102' title='bbox 1101 1047 1129 1080; x_wconf 87' lang='grc' dir='ltr'><strong>ιιι</strong></span> <span class='ocrx_word' id='word_1_103' title='bbox 1147 1031 1256 1079; x_wconf 88' lang='lat' dir='ltr'><strong>ecclesia</strong></span> <span class='ocrx_word' id='word_1_104' title='bbox 1272 1034 1388 1080; x_wconf 81' lang='lat' dir='ltr'><strong>Arverna</strong></span> <span class='ocrx_word' id='word_1_105' title='bbox 1403 1031 1478 1080; x_wconf 88' lang='lat' dir='ltr'><strong>nulla</strong></span> 
     </span>
     <span class='ocr_line' id='line_1_11' title="bbox 361 1093 1521 1158; baseline -0.001 -16"><span class='ocrx_word' id='word_1_106' title='bbox 361 1095 466 1158; x_wconf 89' lang='lat' dir='ltr'><strong>quidem</strong></span> <span class='ocrx_word' id='word_1_107' title='bbox 479 1094 612 1158; x_wconf 85' lang='lat' dir='ltr'><strong>promisit,</strong></span> <span class='ocrx_word' id='word_1_108' title='bbox 627 1093 671 1140; x_wconf 92' lang='lat' dir='ltr'><strong>sed</strong></span> <span class='ocrx_word' id='word_1_109' title='bbox 687 1100 771 1141; x_wconf 90' lang='lat' dir='ltr'><strong>tamen</strong></span> <span class='ocrx_word' id='word_1_110' title='bbox 786 1099 892 1157; x_wconf 88' lang='lat' dir='ltr'><strong>accepto</strong></span> <span class='ocrx_word' id='word_1_111' title='bbox 908 1109 1037 1141; x_wconf 86' lang='lat' dir='ltr'><strong>consensu</strong></span> <span class='ocrx_word' id='word_1_112' title='bbox 1052 1093 1085 1141; x_wconf 92' lang='lat' dir='ltr'><strong>ad</strong></span> <span class='ocrx_word' id='word_1_113' title='bbox 1101 1109 1187 1158; x_wconf 87' lang='lat' dir='ltr'><strong>regern</strong></span> <span class='ocrx_word' id='word_1_114' title='bbox 1206 1093 1294 1158; x_wconf 90' lang='lat' dir='ltr'><strong>petiit;</strong></span> <span class='ocrx_word' id='word_1_115' title='bbox 1309 1094 1441 1158; x_wconf 86' lang='lat' dir='ltr'><strong>voluitque</strong></span> <span class='ocrx_word' id='word_1_116' title='bbox 1454 1094 1478 1141; x_wconf 90' lang='lat' dir='ltr'><strong>ei</strong></span> <span class='ocrx_word' id='word_1_117' title='bbox 1494 1095 1521 1134; x_wconf 75' lang='lat'><strong>1⁰</strong></span> 
     </span>
     <span class='ocr_line' id='line_1_12' title="bbox 360 1153 1607 1220; baseline -0.003 -14"><span class='ocrx_word' id='word_1_118' title='bbox 360 1165 421 1206; x_wconf 90' lang='lat' dir='ltr'><strong>tune</strong></span> <span class='ocrx_word' id='word_1_119' title='bbox 434 1155 578 1214; x_wconf 85' lang='lat' dir='ltr'><strong>Firminus,</strong></span> <span class='ocrx_word' id='word_1_120' title='bbox 593 1155 637 1219; x_wconf 90' lang='lat' dir='ltr'><strong>qui</strong></span> <span class='ocrx_word' id='word_1_121' title='bbox 653 1156 680 1203; x_wconf 90' lang='lat' dir='ltr'><strong>in</strong></span> <span class='ocrx_word' id='word_1_122' title='bbox 692 1156 741 1205; x_wconf 86' lang='lat' dir='ltr'><strong>hac</strong></span> <span class='ocrx_word' id='word_1_123' title='bbox 755 1155 859 1203; x_wconf 82' lang='lat' dir='ltr'><strong>civitate</strong></span> <span class='ocrx_word' id='word_1_124' title='bbox 873 1156 1025 1203; x_wconf 89' lang='lat' dir='ltr'><strong>comitatum</strong></span> <span class='ocrx_word' id='word_1_125' title='bbox 1042 1155 1141 1219; x_wconf 89' lang='lat' dir='ltr'><strong>potitus</strong></span> <span class='ocrx_word' id='word_1_126' title='bbox 1161 1157 1257 1214; x_wconf 86' lang='lat' dir='ltr'><strong>luerat,</strong></span> <span class='ocrx_word' id='word_1_127' title='bbox 1275 1156 1414 1220; x_wconf 90' lang='lat' dir='ltr'><strong>impedire;</strong></span> <span class='ocrx_word' id='word_1_128' title='bbox 1431 1155 1477 1203; x_wconf 89' lang='lat' dir='ltr'><strong>sed</strong></span> <span class='ocrx_word' id='word_1_129' title='bbox 1606 1153 1607 1164; x_wconf 56' lang='lat'>¹</span> 
     </span>
     <span class='ocr_line' id='line_1_13' title="bbox 360 1217 1477 1284; baseline -0.001 -17"><span class='ocrx_word' id='word_1_130' title='bbox 360 1221 418 1284; x_wconf 89' lang='lat' dir='ltr'><strong>ipse</strong></span> <span class='ocrx_word' id='word_1_131' title='bbox 429 1235 480 1267; x_wconf 90' lang='lat' dir='ltr'><strong>non</strong></span> <span class='ocrx_word' id='word_1_132' title='bbox 492 1218 565 1267; x_wconf 87' lang='lat' dir='ltr'><strong>abiit.</strong></span> <span class='ocrx_word' id='word_1_133' title='bbox 576 1218 658 1266; x_wconf 83' lang='lat' dir='ltr'><strong>Amici</strong></span> <span class='ocrx_word' id='word_1_134' title='bbox 669 1225 756 1266; x_wconf 89' lang='lat' dir='ltr'><strong>autem</strong></span> <span class='ocrx_word' id='word_1_135' title='bbox 769 1217 838 1274; x_wconf 88' lang='lat' dir='ltr'><strong>eius,</strong></span> <span class='ocrx_word' id='word_1_136' title='bbox 852 1217 933 1281; x_wconf 91' lang='lat' dir='ltr'><strong>quiin</strong></span> <span class='ocrx_word' id='word_1_137' title='bbox 945 1218 994 1266; x_wconf 92' lang='lat' dir='ltr'><strong>hac</strong></span> <span class='ocrx_word' id='word_1_138' title='bbox 1008 1233 1088 1266; x_wconf 87' lang='lat' dir='ltr'><strong>causa</strong></span> <span class='ocrx_word' id='word_1_139' title='bbox 1101 1217 1193 1266; x_wconf 87' lang='lat' dir='ltr'><strong>directi</strong></span> <span class='ocrx_word' id='word_1_140' title='bbox 1212 1219 1331 1276; x_wconf 77' lang='lat' dir='ltr'><strong>fuerant,</strong></span> <span class='ocrx_word' id='word_1_141' title='bbox 1347 1219 1477 1282; x_wconf 90' lang='lat' dir='ltr'><strong>rogabant</strong></span> 
     </span>
     <span class='ocr_line' id='line_1_14' title="bbox 361 1279 1477 1353; baseline -0.004 -22"><span class='ocrx_word' id='word_1_142' title='bbox 361 1298 457 1346; x_wconf 84' lang='lat' dir='ltr'><strong>regem,</strong></span> <span class='ocrx_word' id='word_1_143' title='bbox 469 1288 498 1329; x_wconf 89' lang='lat' dir='ltr'><strong>ut</strong></span> <span class='ocrx_word' id='word_1_144' title='bbox 508 1280 596 1328; x_wconf 89' lang='lat' dir='ltr'><strong>saltim</strong></span> <span class='ocrx_word' id='word_1_145' title='bbox 608 1296 659 1328; x_wconf 91' lang='lat' dir='ltr'><strong>una</strong></span> <span class='ocrx_word' id='word_1_146' title='bbox 669 1279 799 1328; x_wconf 86' lang='lat' dir='ltr'><strong>dominica</strong></span> <span class='ocrx_word' id='word_1_147' title='bbox 812 1279 979 1353; x_wconf 82' lang='lat' dir='ltr'><strong>praeteriret,</strong></span> <span class='ocrx_word' id='word_1_148' title='bbox 994 1287 1022 1328; x_wconf 87' lang='lat' dir='ltr'><strong>ut</strong></span> <span class='ocrx_word' id='word_1_149' title='bbox 1034 1279 1076 1327; x_wconf 92' lang='lat' dir='ltr'><strong>hic</strong></span> <span class='ocrx_word' id='word_1_150' title='bbox 1088 1297 1140 1328; x_wconf 90' lang='lat' dir='ltr'><strong>non</strong></span> <span class='ocrx_word' id='word_1_151' title='bbox 1152 1281 1362 1337; x_wconf 88' lang='lat' dir='ltr'><strong>benediceretur;</strong></span> <span class='ocrx_word' id='word_1_152' title='bbox 1373 1281 1441 1344; x_wconf 90' lang='lat' dir='ltr'><strong>quod</strong></span> <span class='ocrx_word' id='word_1_153' title='bbox 1455 1281 1477 1327; x_wconf 89' lang='lat' dir='ltr'><strong>si</strong></span> 
     </span>
     <span class='ocr_line' id='line_1_15' title="bbox 361 1341 1478 1408; baseline -0.002 -16"><span class='ocrx_word' id='word_1_154' title='bbox 361 1345 552 1408; x_wconf 77' lang='lat' dir='ltr'><strong>propalaretur,</strong></span> <span class='ocrx_word' id='word_1_155' title='bbox 567 1343 639 1390; x_wconf 89' lang='lat' dir='ltr'><strong>mille</strong></span> <span class='ocrx_word' id='word_1_156' title='bbox 653 1359 745 1391; x_wconf 89' lang='lat' dir='ltr'><strong>aureos</strong></span> <span class='ocrx_word' id='word_1_157' title='bbox 763 1359 817 1406; x_wconf 81' lang='lat' dir='ltr'><strong>regi</strong></span> <span class='ocrx_word' id='word_1_158' title='bbox 828 1342 932 1399; x_wconf 72' lang='lat' dir='ltr'><strong>darent,</strong></span> <span class='ocrx_word' id='word_1_159' title='bbox 951 1342 996 1390; x_wconf 90' lang='lat' dir='ltr'><strong>sed</strong></span> <span class='ocrx_word' id='word_1_160' title='bbox 1010 1358 1055 1389; x_wconf 80' lang='lat' dir='ltr'><strong>rex</strong></span> <span class='ocrx_word' id='word_1_161' title='bbox 1069 1341 1111 1389; x_wconf 86' lang='lat' dir='ltr'><strong>his</strong></span> <span class='ocrx_word' id='word_1_162' title='bbox 1128 1358 1179 1392; x_wconf 89' lang='lat' dir='ltr'><strong>non</strong></span> <span class='ocrx_word' id='word_1_163' title='bbox 1196 1343 1295 1390; x_wconf 89' lang='lat' dir='ltr'><strong>adnuit.</strong></span> <span class='ocrx_word' id='word_1_164' title='bbox 1315 1343 1422 1392; x_wconf 87' lang='lat' dir='ltr'><strong>Factum</strong></span> <span class='ocrx_word' id='word_1_165' title='bbox 1438 1349 1478 1391; x_wconf 90' lang='lat' dir='ltr'><strong>est</strong></span> 
     </span>
     <span class='ocr_line' id='line_1_16' title="bbox 361 1404 1522 1478; baseline -0.003 -24"><span class='ocrx_word' id='word_1_166' title='bbox 361 1423 432 1470; x_wconf 89' lang='lat' dir='ltr'><strong>ergo,</strong></span> <span class='ocrx_word' id='word_1_167' title='bbox 444 1412 480 1462; x_wconf 86' lang='lat' dir='ltr'><strong>at,</strong></span> <span class='ocrx_word' id='word_1_168' title='bbox 492 1405 658 1478; x_wconf 84' lang='lat' dir='ltr'><strong>congregatis</strong></span> <span class='ocrx_word' id='word_1_169' title='bbox 670 1405 697 1452; x_wconf 92' lang='lat' dir='ltr'><strong>in</strong></span> <span class='ocrx_word' id='word_1_170' title='bbox 707 1420 788 1452; x_wconf 88' lang='lat' dir='ltr'><strong>unum</strong></span> <span class='ocrx_word' id='word_1_171' title='bbox 800 1404 901 1452; x_wconf 82' lang='lat' dir='ltr'><strong>civibus</strong></span> <span class='ocrx_word' id='word_1_172' title='bbox 914 1405 1044 1461; x_wconf 81' lang='lat' dir='ltr'><strong>Arvernis,</strong></span> <span class='ocrx_word' id='word_1_173' title='bbox 1058 1405 1150 1452; x_wconf 87' lang='lat' dir='ltr'><strong>beatus</strong></span> <span class='ocrx_word' id='word_1_174' title='bbox 1165 1405 1270 1464; x_wconf 84' lang='lat' dir='ltr'><strong>Abitus,</strong></span> <span class='ocrx_word' id='word_1_175' title='bbox 1284 1405 1328 1469; x_wconf 91' lang='lat' dir='ltr'><strong>qui</strong></span> <span class='ocrx_word' id='word_1_176' title='bbox 1339 1412 1401 1453; x_wconf 91' lang='lat' dir='ltr'><strong>tunc</strong></span> <span class='ocrx_word' id='word_1_177' title='bbox 1410 1411 1478 1452; x_wconf 89' lang='lat' dir='ltr'><strong>tem·</strong></span> <span class='ocrx_word' id='word_1_178' title='bbox 1495 1412 1522 1450; x_wconf 89' lang='lat' dir='ltr'><strong>t5</strong></span> 
     </span>
     <span class='ocr_line' id='line_1_17' title="bbox 361 1466 1479 1540; baseline -0.002 -24"><span class='ocrx_word' id='word_1_179' title='bbox 361 1469 447 1532; x_wconf 87' lang='lat' dir='ltr'><strong>poris,</strong></span> <span class='ocrx_word' id='word_1_180' title='bbox 461 1473 490 1516; x_wconf 89' lang='lat' dir='ltr'><strong>ut</strong></span> <span class='ocrx_word' id='word_1_181' title='bbox 501 1467 630 1523; x_wconf 78' lang='lat' dir='ltr'><strong>diximus,</strong></span> <span class='ocrx_word' id='word_1_182' title='bbox 652 1474 708 1515; x_wconf 88' lang='lat' dir='ltr'><strong>erat</strong></span> <span class='ocrx_word' id='word_1_183' title='bbox 724 1466 936 1523; x_wconf 85' lang='lat' dir='ltr'><strong>archidiaconus,</strong></span> <span class='ocrx_word' id='word_1_184' title='bbox 950 1483 966 1514; x_wconf 86' lang='lat' dir='ltr'><strong>a</strong></span> <span class='ocrx_word' id='word_1_185' title='bbox 978 1466 1046 1522; x_wconf 81' lang='lat' dir='ltr'><strong>clero</strong></span> <span class='ocrx_word' id='word_1_186' title='bbox 1059 1473 1085 1514; x_wconf 90' lang='lat' dir='ltr'><strong>et</strong></span> <span class='ocrx_word' id='word_1_187' title='bbox 1100 1467 1198 1540; x_wconf 89' lang='lat' dir='ltr'><strong>populo</strong></span> <span class='ocrx_word' id='word_1_188' title='bbox 1214 1467 1310 1515; x_wconf 89' lang='lat' dir='ltr'><strong>electus</strong></span> <span class='ocrx_word' id='word_1_189' title='bbox 1327 1467 1479 1515; x_wconf 84' lang='lat' dir='ltr'><strong>cathedram</strong></span> 
     </span>
     <span class='ocr_line' id='line_1_18' title="bbox 361 1528 1478 1595; baseline -0.002 -17"><span class='ocrx_word' id='word_1_190' title='bbox 361 1531 527 1595; x_wconf 84' lang='lat' dir='ltr'><strong>pontificatus</strong></span> <span class='ocrx_word' id='word_1_191' title='bbox 541 1530 682 1594; x_wconf 85' lang='lat' dir='ltr'><strong>acciperet;</strong></span> <span class='ocrx_word' id='word_1_192' title='bbox 696 1545 773 1593; x_wconf 86' lang='lat' dir='ltr'><strong>quem</strong></span> <span class='ocrx_word' id='word_1_193' title='bbox 781 1545 825 1576; x_wconf 82' lang='lat' dir='ltr'><strong>rex</strong></span> <span class='ocrx_word' id='word_1_194' title='bbox 836 1528 946 1576; x_wconf 84' lang='lat' dir='ltr'><strong>intanto</strong></span> <span class='ocrx_word' id='word_1_195' title='bbox 956 1530 1053 1576; x_wconf 88' lang='lat' dir='ltr'><strong>honore</strong></span> <span class='ocrx_word' id='word_1_196' title='bbox 1063 1528 1160 1584; x_wconf 81' lang='lat' dir='ltr'><strong>dilexit,</strong></span> <span class='ocrx_word' id='word_1_197' title='bbox 1172 1535 1200 1576; x_wconf 91' lang='lat' dir='ltr'><strong>ut</strong></span> <span class='ocrx_word' id='word_1_198' title='bbox 1210 1545 1353 1593; x_wconf 79' lang='lat' dir='ltr'><strong>parumper</strong></span> <span class='ocrx_word' id='word_1_199' title='bbox 1364 1529 1478 1593; x_wconf 88' lang='lat' dir='ltr'><strong>rigorem</strong></span> 
     </span>
     <span class='ocr_line' id='line_1_19' title="bbox 361 1590 1475 1655; baseline -0.003 -14"><span class='ocrx_word' id='word_1_200' title='bbox 361 1593 514 1642; x_wconf 87' lang='lat' dir='ltr'><strong>canonicam</strong></span> <span class='ocrx_word' id='word_1_201' title='bbox 531 1591 708 1655; x_wconf 81' lang='lat' dir='ltr'><strong>praeteriens,¹</strong></span> <span class='ocrx_word' id='word_1_202' title='bbox 725 1591 752 1639; x_wconf 92' lang='lat' dir='ltr'><strong>in</strong></span> <span class='ocrx_word' id='word_1_203' title='bbox 774 1607 822 1638; x_wconf 90' lang='lat' dir='ltr'><strong>sua</strong></span> <span class='ocrx_word' id='word_1_204' title='bbox 843 1607 902 1640; x_wconf 88' lang='lat' dir='ltr'><strong>eum</strong></span> <span class='ocrx_word' id='word_1_205' title='bbox 925 1591 1074 1654; x_wconf 88' lang='lat' dir='ltr'><strong>praesentia</strong></span> <span class='ocrx_word' id='word_1_206' title='bbox 1094 1590 1211 1638; x_wconf 82' lang='lat' dir='ltr'><strong>benedici</strong></span> <span class='ocrx_word' id='word_1_207' title='bbox 1233 1591 1343 1648; x_wconf 87' lang='lat' dir='ltr'><strong>iuberet,</strong></span> <span class='ocrx_word' id='word_1_208' title='bbox 1367 1593 1475 1640; x_wconf 87' lang='lat' dir='ltr'><strong>dicens:</strong></span> 
     </span>
     <span class='ocr_line' id='line_1_20' title="bbox 363 1652 1478 1717; baseline -0.002 -15"><span class='ocrx_word' id='word_1_209' title='bbox 363 1673 374 1702; x_wconf 83' lang='grc' dir='ltr'>ι</span> <span class='ocrx_word' id='word_1_210' title='bbox 388 1656 488 1703; x_wconf 79' lang='lat' dir='ltr'><strong>Mereor</strong></span> <span class='ocrx_word' id='word_1_211' title='bbox 499 1654 530 1702; x_wconf 91' lang='lat' dir='ltr'><strong>de</strong></span> <span class='ocrx_word' id='word_1_212' title='bbox 543 1671 621 1702; x_wconf 89' lang='lat' dir='ltr'><strong>manu</strong></span> <span class='ocrx_word' id='word_1_213' title='bbox 634 1653 689 1701; x_wconf 92' lang='lat' dir='ltr'><strong>eius</strong></span> <span class='ocrx_word' id='word_1_214' title='bbox 703 1652 819 1716; x_wconf 81' lang='lat' dir='ltr'><strong>eulogias</strong></span> <span class='ocrx_word' id='word_1_215' title='bbox 838 1653 964 1716; x_wconf 87' lang='lat' dir='ltr'><strong>accipere.</strong></span> <span class='ocrx_word' id='word_1_216' title='bbox 981 1670 993 1699; x_wconf 80' lang='grc' dir='ltr'>ι)</span> <span class='ocrx_word' id='word_1_217' title='bbox 1012 1653 1079 1701; x_wconf 88' lang='lat' dir='ltr'><strong>llaec</strong></span> <span class='ocrx_word' id='word_1_218' title='bbox 1097 1653 1166 1700; x_wconf 88' lang='lat' dir='ltr'><strong>enim</strong></span> <span class='ocrx_word' id='word_1_219' title='bbox 1179 1653 1267 1716; x_wconf 88' lang='lat' dir='ltr'><strong>gratia</strong></span> <span class='ocrx_word' id='word_1_220' title='bbox 1280 1653 1351 1710; x_wconf 85' lang='lat' dir='ltr'><strong>lecit,</strong></span> <span class='ocrx_word' id='word_1_221' title='bbox 1363 1661 1392 1702; x_wconf 92' lang='lat' dir='ltr'><strong>ut</strong></span> <span class='ocrx_word' id='word_1_222' title='bbox 1407 1653 1478 1717; x_wconf 91' lang='lat' dir='ltr'><strong>apud</strong></span> 
     </span>
     <span class='ocr_line' id='line_1_21' title="bbox 361 1714 1522 1779; baseline -0.005 -14"><span class='ocrx_word' id='word_1_223' title='bbox 361 1717 498 1765; x_wconf 85' lang='lat' dir='ltr'><strong>Metensim</strong></span> <span class='ocrx_word' id='word_1_224' title='bbox 516 1717 608 1764; x_wconf 90' lang='lat' dir='ltr'><strong>urbem</strong></span> <span class='ocrx_word' id='word_1_225' title='bbox 627 1714 830 1764; x_wconf 86' lang='lat' dir='ltr'><strong>benediceretur.</strong></span> <span class='ocrx_word' id='word_1_226' title='bbox 850 1715 935 1771; x_wconf 87' lang='lat' dir='ltr'><strong>Idem,</strong></span> <span class='ocrx_word' id='word_1_227' title='bbox 952 1722 1057 1778; x_wconf 91' lang='lat' dir='ltr'><strong>accepto</strong></span> <span class='ocrx_word' id='word_1_228' title='bbox 1077 1715 1238 1779; x_wconf 89' lang='lat' dir='ltr'><strong>episcopatu,</strong></span> <span class='ocrx_word' id='word_1_229' title='bbox 1258 1731 1384 1778; x_wconf 87' lang='lat' dir='ltr'><strong>magnum</strong></span> <span class='ocrx_word' id='word_1_230' title='bbox 1405 1732 1432 1763; x_wconf 90' lang='lat' dir='ltr'><strong>se</strong></span> <span class='ocrx_word' id='word_1_231' title='bbox 1450 1717 1479 1764; x_wconf 93' lang='lat' dir='ltr'><strong>in</strong></span> <span class='ocrx_word' id='word_1_232' title='bbox 1492 1721 1522 1760; x_wconf 73' lang='lat' dir='ltr'><strong>:to</strong></span> 
     </span>
     <span class='ocr_line' id='line_1_22' title="bbox 362 1777 1478 1851; baseline 0 -25"><span class='ocrx_word' id='word_1_233' title='bbox 362 1779 482 1827; x_wconf 88' lang='lat' dir='ltr'><strong>omnibus</strong></span> <span class='ocrx_word' id='word_1_234' title='bbox 493 1779 627 1851; x_wconf 89' lang='lat' dir='ltr'><strong>praebuit,</strong></span> <span class='ocrx_word' id='word_1_235' title='bbox 639 1778 767 1826; x_wconf 87' lang='lat' dir='ltr'><strong>iustitiam</strong></span> <span class='ocrx_word' id='word_1_236' title='bbox 780 1777 884 1840; x_wconf 88' lang='lat' dir='ltr'><strong>populis</strong></span> <span class='ocrx_word' id='word_1_237' title='bbox 895 1777 1025 1833; x_wconf 88' lang='lat' dir='ltr'><strong>tribuens,</strong></span> <span class='ocrx_word' id='word_1_238' title='bbox 1039 1777 1200 1850; x_wconf 88' lang='lat' dir='ltr'><strong>pauperibus</strong></span> <span class='ocrx_word' id='word_1_239' title='bbox 1211 1793 1296 1842; x_wconf 93' lang='lat' dir='ltr'><strong>opem,</strong></span> <span class='ocrx_word' id='word_1_240' title='bbox 1310 1778 1396 1826; x_wconf 83' lang='lat' dir='ltr'><strong>viduis</strong></span> <span class='ocrx_word' id='word_1_241' title='bbox 1407 1778 1478 1826; x_wconf 89' lang='lat' dir='ltr'><strong>sola-</strong></span> 
     </span>
     <span class='ocr_line' id='line_1_23' title="bbox 361 1839 1477 1914; baseline -0.002 -24"><span class='ocrx_word' id='word_1_242' title='bbox 361 1842 431 1890; x_wconf 89' lang='lat' dir='ltr'><strong>cium</strong></span> <span class='ocrx_word' id='word_1_243' title='bbox 461 1841 603 1914; x_wconf 82' lang='lat' dir='ltr'><strong>uprllisque</strong></span> <span class='ocrx_word' id='word_1_244' title='bbox 615 1840 756 1888; x_wconf 82' lang='lat' dir='ltr'><strong>maximum</strong></span> <span class='ocrx_word' id='word_1_245' title='bbox 766 1840 951 1887; x_wconf 87' lang='lat' dir='ltr'><strong>adiumentum.</strong></span> <span class='ocrx_word' id='word_1_246' title='bbox 965 1839 1021 1887; x_wconf 89' lang='lat' dir='ltr'><strong>lam</strong></span> <span class='ocrx_word' id='word_1_247' title='bbox 1032 1855 1053 1886; x_wconf 86' lang='lat' dir='ltr'><strong>sr</strong></span> <span class='ocrx_word' id='word_1_248' title='bbox 1060 1839 1214 1903; x_wconf 89' lang='lat' dir='ltr'><strong>peregrinus</strong></span> <span class='ocrx_word' id='word_1_249' title='bbox 1224 1840 1257 1887; x_wconf 90' lang='lat' dir='ltr'><strong>ad</strong></span> <span class='ocrx_word' id='word_1_250' title='bbox 1265 1856 1325 1888; x_wconf 91' lang='lat' dir='ltr'><strong>cum</strong></span> <span class='ocrx_word' id='word_1_251' title='bbox 1334 1841 1477 1896; x_wconf 88' lang='lat' dir='ltr'><strong>advenerit,</strong></span> 
     </span>
     <span class='ocr_line' id='line_1_24' title="bbox 361 1858 1479 1967; baseline 0 -17"><span class='ocrx_word' id='word_1_252' title='bbox 361 1904 399 1952; x_wconf 89' lang='lat' dir='ltr'><strong>ita</strong></span> <span class='ocrx_word' id='word_1_253' title='bbox 411 1858 545 1967; x_wconf 80' lang='lat' dir='ltr'><strong>diligitur,</strong></span> <span class='ocrx_word' id='word_1_254' title='bbox 559 1909 588 1950; x_wconf 91' lang='lat' dir='ltr'><strong>ut</strong></span> <span class='ocrx_word' id='word_1_255' title='bbox 605 1902 632 1949; x_wconf 91' lang='lat' dir='ltr'><strong>in</strong></span> <span class='ocrx_word' id='word_1_256' title='bbox 647 1902 738 1950; x_wconf 87' lang='lat' dir='ltr'><strong>eodem</strong></span> <span class='ocrx_word' id='word_1_257' title='bbox 755 1918 781 1949; x_wconf 88' lang='lat' dir='ltr'><strong>se</strong></span> <span class='ocrx_word' id='word_1_258' title='bbox 800 1901 896 1949; x_wconf 89' lang='lat' dir='ltr'><strong>habere</strong></span> <span class='ocrx_word' id='word_1_259' title='bbox 909 1907 935 1948; x_wconf 92' lang='lat' dir='ltr'><strong>et</strong></span> <span class='ocrx_word' id='word_1_260' title='bbox 945 1908 1049 1965; x_wconf 88' lang='lat' dir='ltr'><strong>patrem</strong></span> <span class='ocrx_word' id='word_1_261' title='bbox 1061 1907 1230 1964; x_wconf 89' lang='lat' dir='ltr'><strong>recognoscat</strong></span> <span class='ocrx_word' id='word_1_262' title='bbox 1248 1909 1273 1950; x_wconf 92' lang='lat' dir='ltr'><strong>et</strong></span> <span class='ocrx_word' id='word_1_263' title='bbox 1289 1902 1415 1966; x_wconf 69' lang='lat' dir='ltr'><strong>patriam</strong></span> <span class='ocrx_word' id='word_1_264' title='bbox 1433 1903 1479 1967; x_wconf 90' lang='lat' dir='ltr'><strong>qui</strong></span> 
     </span>
     <span class='ocr_line' id='line_1_25' title="bbox 361 1963 1479 2028; baseline -0.003 -14"><span class='ocrx_word' id='word_1_265' title='bbox 361 1982 420 2014; x_wconf 89' lang='lat' dir='ltr'><strong>cum</strong></span> <span class='ocrx_word' id='word_1_266' title='bbox 431 1965 534 2028; x_wconf 87' lang='lat' dir='ltr'><strong>magnis</strong></span> <span class='ocrx_word' id='word_1_267' title='bbox 550 1964 692 2012; x_wconf 77' lang='lat' dir='ltr'><strong>virtutibus</strong></span> <span class='ocrx_word' id='word_1_268' title='bbox 705 1966 797 2012; x_wconf 81' lang='lat' dir='ltr'><strong>floreat</strong></span> <span class='ocrx_word' id='word_1_269' title='bbox 806 1969 831 2011; x_wconf 89' lang='lat' dir='ltr'><strong>et</strong></span> <span class='ocrx_word' id='word_1_270' title='bbox 845 1964 932 2012; x_wconf 90' lang='lat' dir='ltr'><strong>omnia</strong></span> <span class='ocrx_word' id='word_1_271' title='bbox 943 1980 1009 2027; x_wconf 91' lang='lat' dir='ltr'><strong>quae</strong></span> <span class='ocrx_word' id='word_1_272' title='bbox 1023 1964 1074 2012; x_wconf 86' lang='lat' dir='ltr'><strong>Deo</strong></span> <span class='ocrx_word' id='word_1_273' title='bbox 1087 1970 1148 2011; x_wconf 89' lang='lat' dir='ltr'><strong>sunt</strong></span> <span class='ocrx_word' id='word_1_274' title='bbox 1157 1963 1254 2027; x_wconf 89' lang='lat' dir='ltr'><strong>placita</strong></span> <span class='ocrx_word' id='word_1_275' title='bbox 1265 1967 1275 2025; x_wconf 84' lang='grc' dir='ltr'><strong>ΙΙ</strong></span> <span class='ocrx_word' id='word_1_276' title='bbox 1287 1981 1318 2012; x_wconf 86' lang='lat' dir='ltr'><strong>ex</strong></span> <span class='ocrx_word' id='word_1_277' title='bbox 1331 1970 1385 2015; x_wconf 91' lang='lat' dir='ltr'><strong>toto</strong></span> <span class='ocrx_word' id='word_1_278' title='bbox 1401 1965 1479 2012; x_wconf 87' lang='lat' dir='ltr'><strong>corde</strong></span> 
     </span>
     <span class='ocr_line' id='line_1_26' title="bbox 362 2026 1524 2090; baseline -0.002 -12"><span class='ocrx_word' id='word_1_279' title='bbox 362 2027 507 2082; x_wconf 85' lang='lat' dir='ltr'><strong>custodiat,</strong></span> <span class='ocrx_word' id='word_1_280' title='bbox 531 2027 647 2090; x_wconf 89' lang='lat' dir='ltr'><strong>iniquam</strong></span> <span class='ocrx_word' id='word_1_281' title='bbox 672 2026 698 2072; x_wconf 92' lang='lat' dir='ltr'><strong>in</strong></span> <span class='ocrx_word' id='word_1_282' title='bbox 719 2027 840 2074; x_wconf 90' lang='lat' dir='ltr'><strong>omnibus</strong></span> <span class='ocrx_word' id='word_1_283' title='bbox 864 2026 997 2089; x_wconf 86' lang='lat' dir='ltr'><strong>extirpans</strong></span> <span class='ocrx_word' id='word_1_284' title='bbox 1022 2026 1165 2082; x_wconf 86' lang='lat' dir='ltr'><strong>luxuriam,</strong></span> <span class='ocrx_word' id='word_1_285' title='bbox 1192 2027 1288 2074; x_wconf 89' lang='lat' dir='ltr'><strong>iustam</strong></span> <span class='ocrx_word' id='word_1_286' title='bbox 1314 2027 1359 2075; x_wconf 91' lang='lat' dir='ltr'><strong>Dei</strong></span> <span class='ocrx_word' id='word_1_287' title='bbox 1387 2026 1481 2076; x_wconf 89' lang='lat' dir='ltr'><strong>inserit</strong></span> <span class='ocrx_word' id='word_1_288' title='bbox 1494 2038 1524 2076; x_wconf 74' lang='lat'><strong>2¹5</strong></span> 
     </span>
     <span class='ocr_line' id='line_1_27' title="bbox 362 2091 519 2138; baseline -0.019 0"><span class='ocrx_word' id='word_1_289' title='bbox 362 2091 519 2138; x_wconf 83' lang='lat' dir='ltr'><strong>castitatem.</strong></span> 
     </span>
    </p>
   </div>
   <div class='ocr_carea' id='block_1_3' title="bbox 362 2226 1528 3784">
    <p class='ocr_par' dir='ltr' id='par_1_3' title="bbox 362 2226 1528 3659">
     <span class='ocr_line' id='line_1_28' title="bbox 394 2226 1480 2291; baseline -0.001 -13"><span class='ocrx_word' id='word_1_290' title='bbox 394 2233 431 2278; x_wconf 83' lang='lat'><strong>36.</strong></span> <span class='ocrx_word' id='word_1_291' title='bbox 450 2229 592 2278; x_wconf 87' lang='lat' dir='ltr'><strong>Decedentc</strong></span> <span class='ocrx_word' id='word_1_292' title='bbox 613 2243 675 2275; x_wconf 80' lang='lat' dir='ltr'><strong>vero</strong></span> <span class='ocrx_word' id='word_1_293' title='bbox 693 2228 762 2291; x_wconf 90' lang='lat' dir='ltr'><strong>apud</strong></span> <span class='ocrx_word' id='word_1_294' title='bbox 786 2227 901 2276; x_wconf 82' lang='lat' dir='ltr'><strong>Parisios</strong></span> <span class='ocrx_word' id='word_1_295' title='bbox 924 2233 985 2291; x_wconf 90' lang='lat' dir='ltr'><strong>post</strong></span> <span class='ocrx_word' id='word_1_296' title='bbox 1001 2226 1122 2276; x_wconf 89' lang='lat' dir='ltr'><strong>sinodum</strong></span> <span class='ocrx_word' id='word_1_297' title='bbox 1140 2229 1214 2276; x_wconf 88' lang='lat' dir='ltr'><strong>illam</strong></span> <span class='ocrx_word' id='word_1_298' title='bbox 1252 2244 1300 2276; x_wconf 89' lang='lat' dir='ltr'><strong>uae</strong></span> <span class='ocrx_word' id='word_1_299' title='bbox 1317 2227 1480 2277; x_wconf 84' lang='lat' dir='ltr'><strong>Saffaracum</strong></span> 
     </span>
     <span class='ocr_line' id='line_1_29' title="bbox 363 2289 1479 2357; baseline -0.003 -15"><span class='ocrx_word' id='word_1_300' title='bbox 363 2292 463 2357; x_wconf 86' lang='lat' dir='ltr'><strong>expulit</strong></span> <span class='ocrx_word' id='word_1_301' title='bbox 475 2291 613 2340; x_wconf 88' lang='lat' dir='ltr'><strong>Sacerdote</strong></span> <span class='ocrx_word' id='word_1_302' title='bbox 630 2289 802 2352; x_wconf 87' lang='lat' dir='ltr'><strong>Lugdunense</strong></span> <span class='ocrx_word' id='word_1_303' title='bbox 819 2290 955 2354; x_wconf 88' lang='lat' dir='ltr'><strong>episcopo,</strong></span> <span class='ocrx_word' id='word_1_304' title='bbox 976 2296 1080 2338; x_wconf 88' lang='lat' dir='ltr'><strong>sanctus</strong></span> <span class='ocrx_word' id='word_1_305' title='bbox 1097 2291 1211 2338; x_wconf 89' lang='lat' dir='ltr'><strong>Nicetius</strong></span> <span class='ocrx_word' id='word_1_306' title='bbox 1231 2307 1246 2337; x_wconf 89' lang='lat' dir='ltr'><strong>a</strong></span> <span class='ocrx_word' id='word_1_307' title='bbox 1276 2290 1348 2354; x_wconf 91' lang='lat' dir='ltr'><strong>ipso,</strong></span> <span class='ocrx_word' id='word_1_308' title='bbox 1372 2292 1439 2338; x_wconf 90' lang='lat' dir='ltr'><strong>sicut</strong></span> <span class='ocrx_word' id='word_1_309' title='bbox 1451 2293 1479 2340; x_wconf 92' lang='lat' dir='ltr'><strong>in</strong></span> 
     </span>
     <span class='ocr_line' id='line_1_30' title="bbox 363 2351 1479 2416; baseline -0.003 -12"><span class='ocrx_word' id='word_1_310' title='bbox 363 2357 430 2404; x_wconf 91' lang='lat' dir='ltr'><strong>libro</strong></span> <span class='ocrx_word' id='word_1_311' title='bbox 444 2353 511 2403; x_wconf 88' lang='lat' dir='ltr'><strong>vitae</strong></span> <span class='ocrx_word' id='word_1_312' title='bbox 524 2353 579 2401; x_wconf 87' lang='lat' dir='ltr'><strong>eius</strong></span> <span class='ocrx_word' id='word_1_313' title='bbox 592 2351 755 2416; x_wconf 88' lang='lat' dir='ltr'><strong>scripsimus,</strong></span> <span class='ocrx_word' id='word_1_314' title='bbox 764 2353 860 2400; x_wconf 87' lang='lat' dir='ltr'><strong>electus</strong></span> <span class='ocrx_word' id='word_1_315' title='bbox 871 2352 986 2415; x_wconf 88' lang='lat' dir='ltr'><strong>suscepit</strong></span> <span class='ocrx_word' id='word_1_316' title='bbox 996 2353 1184 2415; x_wconf 89' lang='lat' dir='ltr'><strong>episcopatum,</strong></span> <span class='ocrx_word' id='word_1_317' title='bbox 1192 2354 1232 2399; x_wconf 88' lang='lat' dir='ltr'><strong>vir</strong></span> <span class='ocrx_word' id='word_1_318' title='bbox 1241 2352 1321 2400; x_wconf 90' lang='lat' dir='ltr'><strong>totius</strong></span> <span class='ocrx_word' id='word_1_319' title='bbox 1332 2353 1479 2402; x_wconf 83' lang='lat' dir='ltr'><strong>sanctitatis</strong></span> 
     </span>
     <span class='ocr_line' id='line_1_31' title="bbox 363 2414 1526 2487; baseline 0 -22"><span class='ocrx_word' id='word_1_320' title='bbox 363 2416 494 2480; x_wconf 86' lang='lat' dir='ltr'><strong>egregius,</strong></span> <span class='ocrx_word' id='word_1_321' title='bbox 508 2421 595 2463; x_wconf 91' lang='lat' dir='ltr'><strong>castae</strong></span> <span class='ocrx_word' id='word_1_322' title='bbox 608 2414 822 2463; x_wconf 81' lang='lat' dir='ltr'><strong>conversationis.</strong></span> <span class='ocrx_word' id='word_1_323' title='bbox 837 2414 979 2462; x_wconf 87' lang='lat' dir='ltr'><strong>Caritatem</strong></span> <span class='ocrx_word' id='word_1_324' title='bbox 991 2430 1066 2470; x_wconf 84' lang='lat' dir='ltr'><strong>vero,</strong></span> <span class='ocrx_word' id='word_1_325' title='bbox 1078 2430 1157 2477; x_wconf 88' lang='lat' dir='ltr'><strong>qaam</strong></span> <span class='ocrx_word' id='word_1_326' title='bbox 1173 2414 1308 2487; x_wconf 88' lang='lat' dir='ltr'><strong>apostolus</strong></span> <span class='ocrx_word' id='word_1_327' title='bbox 1320 2430 1380 2462; x_wconf 92' lang='lat' dir='ltr'><strong>cum</strong></span> <span class='ocrx_word' id='word_1_328' title='bbox 1392 2415 1479 2464; x_wconf 85' lang='lat' dir='ltr'><strong>omni·</strong></span> <span class='ocrx_word' id='word_1_329' title='bbox 1495 2427 1526 2465; x_wconf 78' lang='lat' dir='ltr'><strong>uu</strong></span> 
     </span>
     <span class='ocr_line' id='line_1_32' title="bbox 362 2476 1479 2542; baseline -0.003 -14"><span class='ocrx_word' id='word_1_330' title='bbox 362 2481 422 2536; x_wconf 90' lang='lat' dir='ltr'><strong>bus,</strong></span> <span class='ocrx_word' id='word_1_331' title='bbox 440 2479 462 2526; x_wconf 90' lang='lat' dir='ltr'><strong>si</strong></span> <span class='ocrx_word' id='word_1_332' title='bbox 481 2477 607 2542; x_wconf 87' lang='lat' dir='ltr'><strong>possibile</strong></span> <span class='ocrx_word' id='word_1_333' title='bbox 628 2481 705 2533; x_wconf 81' lang='lat' dir='ltr'><strong>esset,</strong></span> <span class='ocrx_word' id='word_1_334' title='bbox 726 2477 865 2525; x_wconf 88' lang='lat' dir='ltr'><strong>observare</strong></span> <span class='ocrx_word' id='word_1_335' title='bbox 880 2477 1022 2540; x_wconf 87' lang='lat' dir='ltr'><strong>praecepit,</strong></span> <span class='ocrx_word' id='word_1_336' title='bbox 1041 2476 1083 2524; x_wconf 92' lang='lat' dir='ltr'><strong>hic</strong></span> <span class='ocrx_word' id='word_1_337' title='bbox 1100 2476 1262 2539; x_wconf 74' lang='lat' dir='ltr'><strong>possibiliter</strong></span> <span class='ocrx_word' id='word_1_338' title='bbox 1282 2477 1320 2524; x_wconf 92' lang='lat' dir='ltr'><strong>ita</strong></span> <span class='ocrx_word' id='word_1_339' title='bbox 1333 2477 1359 2525; x_wconf 90' lang='lat' dir='ltr'><strong>in</strong></span> <span class='ocrx_word' id='word_1_340' title='bbox 1377 2477 1479 2526; x_wconf 86' lang='lat' dir='ltr'><strong>cunctis</strong></span> 
     </span>
     <span class='ocr_line' id='line_1_33' title="bbox 363 2538 1478 2648; baseline -0.003 -58"><span class='ocrx_word' id='word_1_341' title='bbox 363 2541 485 2596; x_wconf 84' lang='lat' dir='ltr'><strong>exercuit,</strong></span> <span class='ocrx_word' id='word_1_342' title='bbox 499 2546 528 2587; x_wconf 91' lang='lat' dir='ltr'><strong>ut</strong></span> <span class='ocrx_word' id='word_1_343' title='bbox 544 2539 570 2588; x_wconf 91' lang='lat' dir='ltr'><strong>in</strong></span> <span class='ocrx_word' id='word_1_344' title='bbox 583 2539 639 2587; x_wconf 89' lang='lat' dir='ltr'><strong>eius</strong></span> <span class='ocrx_word' id='word_1_345' title='bbox 652 2545 755 2602; x_wconf 89' lang='lat' dir='ltr'><strong>pectore</strong></span> <span class='ocrx_word' id='word_1_346' title='bbox 772 2539 829 2646; x_wconf 72' lang='lat' dir='ltr'><strong>ipse</strong></span> <span class='ocrx_word' id='word_1_347' title='bbox 841 2538 980 2594; x_wconf 83' lang='lat' dir='ltr'><strong>Dominus,</strong></span> <span class='ocrx_word' id='word_1_348' title='bbox 997 2539 1041 2648; x_wconf 72' lang='lat' dir='ltr'><strong>qui</strong></span> <span class='ocrx_word' id='word_1_349' title='bbox 1058 2545 1098 2586; x_wconf 90' lang='lat' dir='ltr'><strong>est</strong></span> <span class='ocrx_word' id='word_1_350' title='bbox 1110 2553 1171 2586; x_wconf 87' lang='lat' dir='ltr'><strong>vera</strong></span> <span class='ocrx_word' id='word_1_351' title='bbox 1190 2538 1299 2595; x_wconf 89' lang='lat' dir='ltr'><strong>caritas,</strong></span> <span class='ocrx_word' id='word_1_352' title='bbox 1320 2545 1478 2588; x_wconf 89' lang='lat' dir='ltr'><strong>cerneretur.</strong></span> 
     </span>
     <span class='ocr_line' id='line_1_34' title="bbox 362 2600 1479 2664; baseline -0.002 -12"><span class='ocrx_word' id='word_1_353' title='bbox 362 2605 428 2662; x_wconf 80' lang='lat' dir='ltr'><strong>Nam</strong></span> <span class='ocrx_word' id='word_1_354' title='bbox 442 2603 464 2650; x_wconf 85' lang='lat' dir='ltr'><strong>si</strong></span> <span class='ocrx_word' id='word_1_355' title='bbox 474 2609 499 2650; x_wconf 90' lang='lat' dir='ltr'><strong>et</strong></span> <span class='ocrx_word' id='word_1_356' title='bbox 511 2607 655 2650; x_wconf 88' lang='lat' dir='ltr'><strong>commotus</strong></span> <span class='ocrx_word' id='word_1_357' title='bbox 672 2607 787 2648; x_wconf 86' lang='lat' dir='ltr'><strong>contrua</strong></span> <span class='ocrx_word' id='word_1_358' title='bbox 799 2600 885 2663; x_wconf 88' lang='lat' dir='ltr'><strong>iquem</strong></span> <span class='ocrx_word' id='word_1_359' title='bbox 897 2617 945 2663; x_wconf 91' lang='lat' dir='ltr'><strong>pro</strong></span> <span class='ocrx_word' id='word_1_360' title='bbox 960 2616 1010 2662; x_wconf 87' lang='lat' dir='ltr'><strong>neg</strong></span> <span class='ocrx_word' id='word_1_361' title='bbox 1022 2600 1125 2663; x_wconf 88' lang='lat' dir='ltr'><strong>egentia</strong></span> <span class='ocrx_word' id='word_1_362' title='bbox 1136 2600 1197 2655; x_wconf 83' lang='lat' dir='ltr'><strong>luit,</strong></span> <span class='ocrx_word' id='word_1_363' title='bbox 1210 2600 1373 2664; x_wconf 87' lang='lat' dir='ltr'><strong>itaprotinus</strong></span> <span class='ocrx_word' id='word_1_364' title='bbox 1388 2617 1479 2650; x_wconf 86' lang='lat' dir='ltr'><strong>emen-</strong></span> 
     </span>
     <span class='ocr_line' id='line_1_35' title="bbox 362 2660 1481 2728; baseline -0.002 -15"><span class='ocrx_word' id='word_1_365' title='bbox 362 2668 453 2716; x_wconf 89' lang='lat' dir='ltr'><strong>datum</strong></span> <span class='ocrx_word' id='word_1_366' title='bbox 464 2664 574 2727; x_wconf 86' lang='lat' dir='ltr'><strong>recepit,</strong></span> <span class='ocrx_word' id='word_1_367' title='bbox 588 2670 713 2728; x_wconf 91' lang='lat' dir='ltr'><strong>tanquam</strong></span> <span class='ocrx_word' id='word_1_368' title='bbox 728 2663 750 2710; x_wconf 90' lang='lat' dir='ltr'><strong>si</strong></span> <span class='ocrx_word' id='word_1_369' title='bbox 761 2679 812 2709; x_wconf 90' lang='lat' dir='ltr'><strong>non</strong></span> <span class='ocrx_word' id='word_1_370' title='bbox 830 2662 922 2710; x_wconf 87' lang='lat' dir='ltr'><strong>inisset</strong></span> <span class='ocrx_word' id='word_1_371' title='bbox 937 2660 1059 2710; x_wconf 84' lang='lat' dir='ltr'><strong>offensus.</strong></span> <span class='ocrx_word' id='word_1_372' title='bbox 1080 2663 1144 2710; x_wconf 84' lang='lat' dir='ltr'><strong>Erat</strong></span> <span class='ocrx_word' id='word_1_373' title='bbox 1159 2662 1227 2710; x_wconf 90' lang='lat' dir='ltr'><strong>enim</strong></span> <span class='ocrx_word' id='word_1_374' title='bbox 1240 2661 1383 2725; x_wconf 84' lang='lat' dir='ltr'><strong>castigator</strong></span> <span class='ocrx_word' id='word_1_375' title='bbox 1397 2663 1481 2712; x_wconf 90' lang='lat' dir='ltr'><strong>delin-</strong></span> 
     </span>
     <span class='ocr_line' id='line_1_36' title="bbox 363 2723 1527 2792; baseline -0.002 -15"><span class='ocrx_word' id='word_1_376' title='bbox 363 2728 498 2792; x_wconf 87' lang='lat' dir='ltr'><strong>quentium</strong></span> <span class='ocrx_word' id='word_1_377' title='bbox 509 2725 738 2790; x_wconf 86' lang='lat' dir='ltr'><strong>poenitentumque</strong></span> <span class='ocrx_word' id='word_1_378' title='bbox 757 2723 891 2780; x_wconf 85' lang='lat' dir='ltr'><strong>remissor,¹</strong></span> <span class='ocrx_word' id='word_1_379' title='bbox 902 2723 1100 2772; x_wconf 86' lang='lat' dir='ltr'><strong>elemosinarius</strong></span> <span class='ocrx_word' id='word_1_380' title='bbox 1108 2730 1185 2787; x_wconf 88' lang='lat' dir='ltr'><strong>atquc</strong></span> <span class='ocrx_word' id='word_1_381' title='bbox 1197 2734 1317 2772; x_wconf 85' lang='lat' dir='ltr'><strong>strenuus</strong></span> <span class='ocrx_word' id='word_1_382' title='bbox 1329 2725 1356 2772; x_wconf 91' lang='lat' dir='ltr'><strong>in</strong></span> <span class='ocrx_word' id='word_1_383' title='bbox 1373 2726 1477 2782; x_wconf 84' lang='lat' dir='ltr'><strong>labore;</strong></span> <span class='ocrx_word' id='word_1_384' title='bbox 1495 2739 1527 2778; x_wconf 80' lang='lat'><strong>35</strong></span> 
     </span>
     <span class='ocr_line' id='line_1_37' title="bbox 362 2787 1479 2852; baseline -0.003 -13"><span class='ocrx_word' id='word_1_385' title='bbox 362 2790 486 2838; x_wconf 90' lang='lat' dir='ltr'><strong>eeclesias</strong></span> <span class='ocrx_word' id='word_1_386' title='bbox 501 2788 613 2852; x_wconf 86' lang='lat' dir='ltr'><strong>erigere,</strong></span> <span class='ocrx_word' id='word_1_387' title='bbox 628 2787 718 2834; x_wconf 91' lang='lat' dir='ltr'><strong>domos</strong></span> <span class='ocrx_word' id='word_1_388' title='bbox 731 2801 893 2850; x_wconf 86' lang='lat' dir='ltr'><strong>componere,</strong></span> <span class='ocrx_word' id='word_1_389' title='bbox 904 2802 989 2834; x_wconf 90' lang='lat' dir='ltr'><strong>serere</strong></span> <span class='ocrx_word' id='word_1_390' title='bbox 1003 2802 1094 2848; x_wconf 89' lang='lat' dir='ltr'><strong>agros,</strong></span> <span class='ocrx_word' id='word_1_391' title='bbox 1108 2787 1197 2834; x_wconf 80' lang='lat' dir='ltr'><strong>vineas</strong></span> <span class='ocrx_word' id='word_1_392' title='bbox 1214 2787 1348 2850; x_wconf 87' lang='lat' dir='ltr'><strong>pastinarc</strong></span> <span class='ocrx_word' id='word_1_393' title='bbox 1364 2787 1479 2852; x_wconf 89' lang='lat' dir='ltr'><strong>diligen-</strong></span> 
     </span>
     <span class='ocr_line' id='line_1_38' title="bbox 362 2848 1479 2904; baseline -0.001 -4"><span class='ocrx_word' id='word_1_394' title='bbox 362 2853 463 2901; x_wconf 83' lang='lat' dir='ltr'><strong>tissime</strong></span> <span class='ocrx_word' id='word_1_395' title='bbox 475 2850 604 2898; x_wconf 86' lang='lat' dir='ltr'><strong>studebat.</strong></span> <span class='ocrx_word' id='word_1_396' title='bbox 619 2850 669 2898; x_wconf 90' lang='lat' dir='ltr'><strong>Sed</strong></span> <span class='ocrx_word' id='word_1_397' title='bbox 679 2866 730 2897; x_wconf 89' lang='lat' dir='ltr'><strong>non</strong></span> <span class='ocrx_word' id='word_1_398' title='bbox 743 2865 802 2896; x_wconf 89' lang='lat' dir='ltr'><strong>eum</strong></span> <span class='ocrx_word' id='word_1_399' title='bbox 819 2848 867 2895; x_wconf 91' lang='lat' dir='ltr'><strong>bae</strong></span> <span class='ocrx_word' id='word_1_400' title='bbox 882 2864 923 2896; x_wconf 90' lang='lat' dir='ltr'><strong>res</strong></span> <span class='ocrx_word' id='word_1_401' title='bbox 937 2848 970 2896; x_wconf 93' lang='lat' dir='ltr'><strong>ab</strong></span> <span class='ocrx_word' id='word_1_402' title='bbox 987 2849 1103 2896; x_wconf 91' lang='lat' dir='ltr'><strong>oratione</strong></span> <span class='ocrx_word' id='word_1_403' title='bbox 1116 2849 1267 2897; x_wconf 87' lang='lat' dir='ltr'><strong>turbabant.</strong></span> <span class='ocrx_word' id='word_1_404' title='bbox 1281 2849 1340 2904; x_wconf 83' lang='lat' dir='ltr'><strong>llic,</strong></span> <span class='ocrx_word' id='word_1_405' title='bbox 1361 2851 1390 2898; x_wconf 76' lang='lat'><strong>22</strong></span> <span class='ocrx_word' id='word_1_406' title='bbox 1402 2851 1479 2900; x_wconf 88' lang='lat' dir='ltr'><strong>annis</strong></span> 
     </span>
     <span class='ocr_line' id='line_1_39' title="bbox 364 2910 1480 2974; baseline -0.004 -10"><span class='ocrx_word' id='word_1_407' title='bbox 364 2914 509 2964; x_wconf 87' lang='lat' dir='ltr'><strong>sacerdotio</strong></span> <span class='ocrx_word' id='word_1_408' title='bbox 525 2912 688 2968; x_wconf 86' lang='lat' dir='ltr'><strong>ministrato,</strong></span> <span class='ocrx_word' id='word_1_409' title='bbox 707 2910 831 2974; x_wconf 78' lang='lat' dir='ltr'><strong>migravit</strong></span> <span class='ocrx_word' id='word_1_410' title='bbox 843 2910 875 2958; x_wconf 93' lang='lat' dir='ltr'><strong>ad</strong></span> <span class='ocrx_word' id='word_1_411' title='bbox 889 2910 1039 2968; x_wconf 76' lang='lat' dir='ltr'><strong>Dominum,</strong></span> <span class='ocrx_word' id='word_1_412' title='bbox 1072 2911 1098 2958; x_wconf 90' lang='lat' dir='ltr'><strong>ui</strong></span> <span class='ocrx_word' id='word_1_413' title='bbox 1113 2928 1180 2958; x_wconf 89' lang='lat' dir='ltr'><strong>nunc</strong></span> <span class='ocrx_word' id='word_1_414' title='bbox 1198 2928 1293 2974; x_wconf 89' lang='lat' dir='ltr'><strong>magna</strong></span> <span class='ocrx_word' id='word_1_415' title='bbox 1306 2910 1433 2961; x_wconf 90' lang='lat' dir='ltr'><strong>miracula</strong></span> <span class='ocrx_word' id='word_1_416' title='bbox 1444 2913 1480 2960; x_wconf 91' lang='lat' dir='ltr'><strong>ad</strong></span> 
     </span>
     <span class='ocr_line' id='line_1_40' title="bbox 364 2928 1481 3038; baseline -0.003 -12"><span class='ocrx_word' id='word_1_417' title='bbox 364 2994 440 3026; x_wconf 87' lang='lat' dir='ltr'><strong>suum</strong></span> <span class='ocrx_word' id='word_1_418' title='bbox 452 2975 582 3024; x_wconf 88' lang='lat' dir='ltr'><strong>tumulum</strong></span> <span class='ocrx_word' id='word_1_419' title='bbox 592 2973 759 3022; x_wconf 79' lang='lat' dir='ltr'><strong>exorantibus</strong></span> <span class='ocrx_word' id='word_1_420' title='bbox 773 2978 899 3037; x_wconf 87' lang='lat' dir='ltr'><strong>praestat.</strong></span> <span class='ocrx_word' id='word_1_421' title='bbox 917 2973 982 3020; x_wconf 91' lang='lat' dir='ltr'><strong>Nam</strong></span> <span class='ocrx_word' id='word_1_422' title='bbox 994 2972 1025 3019; x_wconf 92' lang='lat' dir='ltr'><strong>de</strong></span> <span class='ocrx_word' id='word_1_423' title='bbox 1043 2928 1099 3020; x_wconf 81' lang='lat' dir='ltr'><strong>oleo</strong></span> <span class='ocrx_word' id='word_1_424' title='bbox 1114 2973 1263 3028; x_wconf 89' lang='lat' dir='ltr'><strong>cicindelis,</strong></span> <span class='ocrx_word' id='word_1_425' title='bbox 1302 2974 1327 3022; x_wconf 92' lang='lat' dir='ltr'><strong>ui</strong></span> <span class='ocrx_word' id='word_1_426' title='bbox 1340 2973 1373 3021; x_wconf 92' lang='lat' dir='ltr'><strong>ad</strong></span> <span class='ocrx_word' id='word_1_427' title='bbox 1390 2974 1481 3038; x_wconf 87' lang='lat' dir='ltr'><strong>ipsum</strong></span> 
     </span>
     <span class='ocr_line' id='line_1_41' title="bbox 363 2991 1528 3104; baseline -0.001 -15"><span class='ocrx_word' id='word_1_428' title='bbox 363 3040 514 3104; x_wconf 88' lang='lat' dir='ltr'><strong>sepulcrum</strong></span> <span class='ocrx_word' id='word_1_429' title='bbox 528 3036 621 3085; x_wconf 90' lang='lat' dir='ltr'><strong>cotidie</strong></span> <span class='ocrx_word' id='word_1_430' title='bbox 639 3035 799 3092; x_wconf 88' lang='lat' dir='ltr'><strong>accenditur,</strong></span> <span class='ocrx_word' id='word_1_431' title='bbox 816 3051 953 3082; x_wconf 87' lang='lat' dir='ltr'><strong>caecorum</strong></span> <span class='ocrx_word' id='word_1_432' title='bbox 968 3034 1050 3082; x_wconf 90' lang='lat' dir='ltr'><strong>oculis</strong></span> <span class='ocrx_word' id='word_1_433' title='bbox 1069 3036 1156 3082; x_wconf 89' lang='lat' dir='ltr'><strong>lumen</strong></span> <span class='ocrx_word' id='word_1_434' title='bbox 1172 3035 1270 3091; x_wconf 88' lang='lat' dir='ltr'><strong>reddit,</strong></span> <span class='ocrx_word' id='word_1_435' title='bbox 1284 2991 1430 3084; x_wconf 57' lang='lat' dir='ltr'><strong>(daemones</strong></span> <span class='ocrx_word' id='word_1_436' title='bbox 1446 3037 1480 3086; x_wconf 89' lang='lat' dir='ltr'><strong>de</strong></span> <span class='ocrx_word' id='word_1_437' title='bbox 1497 3049 1528 3088; x_wconf 81' lang='lat' dir='ltr'><strong>to</strong></span> 
     </span>
     <span class='ocr_line' id='line_1_42' title="bbox 362 3097 1480 3162; baseline -0.003 -11"><span class='ocrx_word' id='word_1_438' title='bbox 362 3101 478 3150; x_wconf 87' lang='lat' dir='ltr'><strong>obsessis</strong></span> <span class='ocrx_word' id='word_1_439' title='bbox 488 3099 642 3162; x_wconf 90' lang='lat' dir='ltr'><strong>corporibus</strong></span> <span class='ocrx_word' id='word_1_440' title='bbox 656 3100 738 3160; x_wconf 84' lang='lat' dir='ltr'><strong>lugat,</strong></span> <span class='ocrx_word' id='word_1_441' title='bbox 750 3097 890 3145; x_wconf 89' lang='lat' dir='ltr'><strong>contractis</strong></span> <span class='ocrx_word' id='word_1_442' title='bbox 900 3097 1024 3145; x_wconf 88' lang='lat' dir='ltr'><strong>membris</strong></span> <span class='ocrx_word' id='word_1_443' title='bbox 1037 3098 1152 3145; x_wconf 90' lang='lat' dir='ltr'><strong>restituit</strong></span> <span class='ocrx_word' id='word_1_444' title='bbox 1168 3099 1307 3148; x_wconf 83' lang='lat' dir='ltr'><strong>sanitatem</strong></span> <span class='ocrx_word' id='word_1_445' title='bbox 1319 3105 1344 3146; x_wconf 92' lang='lat' dir='ltr'><strong>et</strong></span> <span class='ocrx_word' id='word_1_446' title='bbox 1356 3099 1480 3148; x_wconf 87' lang='lat' dir='ltr'><strong>omnibus</strong></span> 
     </span>
     <span class='ocr_line' id='line_1_43' title="bbox 362 3159 1482 3225; baseline -0.003 -12"><span class='ocrx_word' id='word_1_447' title='bbox 362 3162 474 3212; x_wconf 84' lang='lat' dir='ltr'><strong>infirmis</strong></span> <span class='ocrx_word' id='word_1_448' title='bbox 488 3177 613 3225; x_wconf 87' lang='lat' dir='ltr'><strong>magnum</strong></span> <span class='ocrx_word' id='word_1_449' title='bbox 624 3159 651 3208; x_wconf 94' lang='lat' dir='ltr'><strong>in</strong></span> <span class='ocrx_word' id='word_1_450' title='bbox 663 3159 712 3208; x_wconf 92' lang='lat' dir='ltr'><strong>hoc</strong></span> <span class='ocrx_word' id='word_1_451' title='bbox 728 3166 843 3223; x_wconf 88' lang='lat' dir='ltr'><strong>tempore</strong></span> <span class='ocrx_word' id='word_1_452' title='bbox 855 3159 966 3207; x_wconf 89' lang='lat' dir='ltr'><strong>habetur</strong></span> <span class='ocrx_word' id='word_1_453' title='bbox 978 3159 1146 3222; x_wconf 88' lang='lat' dir='ltr'><strong>praesidium.</strong></span> <span class='ocrx_word' id='word_1_454' title='bbox 1165 3160 1248 3223; x_wconf 88' lang='lat' dir='ltr'><strong>Igitur</strong></span> <span class='ocrx_word' id='word_1_455' title='bbox 1262 3161 1367 3208; x_wconf 86' lang='lat' dir='ltr'><strong>Priscus</strong></span> <span class='ocrx_word' id='word_1_456' title='bbox 1379 3161 1482 3224; x_wconf 88' lang='lat' dir='ltr'><strong>episco-</strong></span> 
     </span>
     <span class='ocr_line' id='line_1_44' title="bbox 363 3221 1481 3290; baseline -0.003 -15"><span class='ocrx_word' id='word_1_457' title='bbox 363 3243 422 3289; x_wconf 90' lang='lat' dir='ltr'><strong>pus,</strong></span> <span class='ocrx_word' id='word_1_458' title='bbox 433 3225 477 3290; x_wconf 92' lang='lat' dir='ltr'><strong>qui</strong></span> <span class='ocrx_word' id='word_1_459' title='bbox 490 3225 513 3272; x_wconf 92' lang='lat' dir='ltr'><strong>ei</strong></span> <span class='ocrx_word' id='word_1_460' title='bbox 524 3229 697 3280; x_wconf 87' lang='lat' dir='ltr'><strong>successerat,</strong></span> <span class='ocrx_word' id='word_1_461' title='bbox 709 3238 768 3270; x_wconf 89' lang='lat' dir='ltr'><strong>cum</strong></span> <span class='ocrx_word' id='word_1_462' title='bbox 785 3221 895 3285; x_wconf 86' lang='lat' dir='ltr'><strong>coniuge</strong></span> <span class='ocrx_word' id='word_1_463' title='bbox 907 3238 954 3268; x_wconf 89' lang='lat' dir='ltr'><strong>sua</strong></span> <span class='ocrx_word' id='word_1_464' title='bbox 969 3223 1088 3269; x_wconf 88' lang='lat' dir='ltr'><strong>Susanna</strong></span> <span class='ocrx_word' id='word_1_465' title='bbox 1100 3221 1185 3286; x_wconf 90' lang='lat' dir='ltr'><strong>coepit</strong></span> <span class='ocrx_word' id='word_1_466' title='bbox 1201 3222 1322 3286; x_wconf 86' lang='lat' dir='ltr'><strong>persequi</strong></span> <span class='ocrx_word' id='word_1_467' title='bbox 1332 3239 1362 3270; x_wconf 89' lang='lat' dir='ltr'><strong>ac</strong></span> <span class='ocrx_word' id='word_1_468' title='bbox 1376 3222 1481 3272; x_wconf 87' lang='lat' dir='ltr'><strong>interfi—</strong></span> 
     </span>
     <span class='ocr_line' id='line_1_45' title="bbox 362 3284 1480 3348; baseline -0.003 -12"><span class='ocrx_word' id='word_1_469' title='bbox 362 3305 419 3336; x_wconf 89' lang='lat' dir='ltr'><strong>cere</strong></span> <span class='ocrx_word' id='word_1_470' title='bbox 430 3287 526 3336; x_wconf 89' lang='lat' dir='ltr'><strong>multos</strong></span> <span class='ocrx_word' id='word_1_471' title='bbox 544 3286 575 3334; x_wconf 87' lang='lat' dir='ltr'><strong>de</strong></span> <span class='ocrx_word' id='word_1_472' title='bbox 588 3285 629 3332; x_wconf 92' lang='lat' dir='ltr'><strong>his</strong></span> <span class='ocrx_word' id='word_1_473' title='bbox 639 3301 704 3348; x_wconf 89' lang='lat' dir='ltr'><strong>quos</strong></span> <span class='ocrx_word' id='word_1_474' title='bbox 721 3284 762 3332; x_wconf 88' lang='lat' dir='ltr'><strong>vir</strong></span> <span class='ocrx_word' id='word_1_475' title='bbox 774 3284 819 3332; x_wconf 93' lang='lat' dir='ltr'><strong>Dci</strong></span> <span class='ocrx_word' id='word_1_476' title='bbox 831 3284 972 3332; x_wconf 77' lang='lat' dir='ltr'><strong>familiares</strong></span> <span class='ocrx_word' id='word_1_477' title='bbox 985 3284 1126 3339; x_wconf 87' lang='lat' dir='ltr'><strong>habuerat,</strong></span> <span class='ocrx_word' id='word_1_478' title='bbox 1140 3301 1191 3332; x_wconf 90' lang='lat' dir='ltr'><strong>non</strong></span> <span class='ocrx_word' id='word_1_479' title='bbox 1199 3285 1277 3348; x_wconf 91' lang='lat' dir='ltr'><strong>culpa</strong></span> <span class='ocrx_word' id='word_1_480' title='bbox 1286 3285 1321 3333; x_wconf 90' lang='lat' dir='ltr'><strong>ali</strong></span> <span class='ocrx_word' id='word_1_481' title='bbox 1341 3301 1374 3332; x_wconf 91' lang='lat' dir='ltr'><strong>ua</strong></span> <span class='ocrx_word' id='word_1_482' title='bbox 1384 3285 1480 3345; x_wconf 75' lang='lat' dir='ltr'><strong>victos,</strong></span> 
     </span>
     <span class='ocr_line' id='line_1_46' title="bbox 362 3301 1528 3455; baseline 0.002 -57"><span class='ocrx_word' id='word_1_483' title='bbox 362 3350 457 3398; x_wconf 91' lang='lat' dir='ltr'><strong>nonin</strong></span> <span class='ocrx_word' id='word_1_484' title='bbox 476 3348 584 3396; x_wconf 90' lang='lat' dir='ltr'><strong>crimine</strong></span> <span class='ocrx_word' id='word_1_485' title='bbox 601 3347 796 3410; x_wconf 87' lang='lat' dir='ltr'><strong>comprobatos,</strong></span> <span class='ocrx_word' id='word_1_486' title='bbox 815 3361 866 3394; x_wconf 90' lang='lat' dir='ltr'><strong>non</strong></span> <span class='ocrx_word' id='word_1_487' title='bbox 886 3349 954 3394; x_wconf 85' lang='lat' dir='ltr'><strong>lurto</strong></span> <span class='ocrx_word' id='word_1_488' title='bbox 970 3345 1159 3455; x_wconf 87' lang='lat' dir='ltr'><strong>deprehensos,</strong></span> <span class='ocrx_word' id='word_1_489' title='bbox 1177 3353 1279 3396; x_wconf 83' lang='lat' dir='ltr'><strong>tanturn</strong></span> <span class='ocrx_word' id='word_1_490' title='bbox 1300 3301 1482 3398; x_wconf 69' lang='lat' dir='ltr'><strong>iuhammante</strong></span> <span class='ocrx_word' id='word_1_491' title='bbox 1498 3360 1528 3400; x_wconf 74' lang='lat'><strong>45</strong></span> 
     </span>
     <span class='ocr_line' id='line_1_47' title="bbox 363 3408 1482 3475; baseline -0.001 -14"><span class='ocrx_word' id='word_1_492' title='bbox 363 3411 477 3468; x_wconf 81' lang='lat' dir='ltr'><strong>malitia,</strong></span> <span class='ocrx_word' id='word_1_493' title='bbox 486 3409 604 3468; x_wconf 90' lang='lat' dir='ltr'><strong>invidus,</strong></span> <span class='ocrx_word' id='word_1_494' title='bbox 618 3425 665 3457; x_wconf 90' lang='lat' dir='ltr'><strong>cur</strong></span> <span class='ocrx_word' id='word_1_495' title='bbox 679 3409 700 3458; x_wconf 90' lang='lat' dir='ltr'><strong>ei</strong></span> <span class='ocrx_word' id='word_1_496' title='bbox 717 3409 807 3458; x_wconf 88' lang='lat' dir='ltr'><strong>fideles</strong></span> <span class='ocrx_word' id='word_1_497' title='bbox 821 3408 939 3456; x_wconf 86' lang='lat' dir='ltr'><strong>luissent.</strong></span> <span class='ocrx_word' id='word_1_498' title='bbox 953 3409 1003 3456; x_wconf 90' lang='lat' dir='ltr'><strong>Dec</strong></span> <span class='ocrx_word' id='word_1_499' title='bbox 1015 3409 1122 3456; x_wconf 85' lang='lat' dir='ltr'><strong>amabat</strong></span> <span class='ocrx_word' id='word_1_500' title='bbox 1137 3409 1219 3457; x_wconf 90' lang='lat' dir='ltr'><strong>multa</strong></span> <span class='ocrx_word' id='word_1_501' title='bbox 1238 3410 1403 3472; x_wconf 90' lang='lat' dir='ltr'><strong>blasphemia</strong></span> <span class='ocrx_word' id='word_1_502' title='bbox 1421 3411 1482 3475; x_wconf 88' lang='lat' dir='ltr'><strong>ipse</strong></span> 
     </span>
     <span class='ocr_line' id='line_1_48' title="bbox 363 3470 1483 3535; baseline -0.001 -12"><span class='ocrx_word' id='word_1_503' title='bbox 363 3490 422 3522; x_wconf 90' lang='lat' dir='ltr'><strong>cum</strong></span> <span class='ocrx_word' id='word_1_504' title='bbox 433 3472 543 3535; x_wconf 87' lang='lat' dir='ltr'><strong>coniuge</strong></span> <span class='ocrx_word' id='word_1_505' title='bbox 553 3472 584 3519; x_wconf 90' lang='lat' dir='ltr'><strong>de</strong></span> <span class='ocrx_word' id='word_1_506' title='bbox 598 3478 686 3519; x_wconf 90' lang='lat' dir='ltr'><strong>sancto</strong></span> <span class='ocrx_word' id='word_1_507' title='bbox 697 3471 754 3527; x_wconf 91' lang='lat' dir='ltr'><strong>Dei;</strong></span> <span class='ocrx_word' id='word_1_508' title='bbox 768 3478 864 3519; x_wconf 87' lang='lat' dir='ltr'><strong>etcum</strong></span> <span class='ocrx_word' id='word_1_509' title='bbox 877 3470 922 3518; x_wconf 89' lang='lat' dir='ltr'><strong>diu</strong></span> <span class='ocrx_word' id='word_1_510' title='bbox 934 3471 1066 3533; x_wconf 88' lang='lat' dir='ltr'><strong>multoque</strong></span> <span class='ocrx_word' id='word_1_511' title='bbox 1078 3476 1194 3534; x_wconf 88' lang='lat' dir='ltr'><strong>tempore</strong></span> <span class='ocrx_word' id='word_1_512' title='bbox 1207 3472 1374 3520; x_wconf 87' lang='lat' dir='ltr'><strong>observatum</strong></span> <span class='ocrx_word' id='word_1_513' title='bbox 1387 3472 1483 3522; x_wconf 84' lang='lat' dir='ltr'><strong>luisset</strong></span> 
     </span>
     <span class='ocr_line' id='line_1_49' title="bbox 363 3531 1480 3598; baseline -0.001 -14"><span class='ocrx_word' id='word_1_514' title='bbox 363 3536 396 3584; x_wconf 91' lang='lat' dir='ltr'><strong>ab</strong></span> <span class='ocrx_word' id='word_1_515' title='bbox 409 3533 582 3584; x_wconf 85' lang='lat' dir='ltr'><strong>anterioribus</strong></span> <span class='ocrx_word' id='word_1_516' title='bbox 595 3533 776 3598; x_wconf 84' lang='lat' dir='ltr'><strong>pontificibus,</strong></span> <span class='ocrx_word' id='word_1_517' title='bbox 789 3539 818 3580; x_wconf 88' lang='lat' dir='ltr'><strong>ut</strong></span> <span class='ocrx_word' id='word_1_518' title='bbox 835 3533 929 3580; x_wconf 88' lang='lat' dir='ltr'><strong>mulier</strong></span> <span class='ocrx_word' id='word_1_519' title='bbox 944 3531 1049 3580; x_wconf 89' lang='lat' dir='ltr'><strong>domum</strong></span> <span class='ocrx_word' id='word_1_520' title='bbox 1071 3549 1122 3580; x_wconf 90' lang='lat' dir='ltr'><strong>non</strong></span> <span class='ocrx_word' id='word_1_521' title='bbox 1139 3533 1320 3596; x_wconf 84' lang='lat' dir='ltr'><strong>ingrederetur</strong></span> <span class='ocrx_word' id='word_1_522' title='bbox 1339 3534 1480 3592; x_wconf 87' lang='lat' dir='ltr'><strong>ecclesiae,</strong></span> 
     </span>
     <span class='ocr_line' id='line_1_50' title="bbox 363 3593 1483 3659; baseline 0 -13"><span class='ocrx_word' id='word_1_523' title='bbox 363 3599 426 3646; x_wconf 90' lang='lat' dir='ltr'><strong>haec</strong></span> <span class='ocrx_word' id='word_1_524' title='bbox 440 3613 499 3646; x_wconf 89' lang='lat' dir='ltr'><strong>cum</strong></span> <span class='ocrx_word' id='word_1_525' title='bbox 511 3595 607 3659; x_wconf 91' lang='lat' dir='ltr'><strong>puellis</strong></span> <span class='ocrx_word' id='word_1_526' title='bbox 620 3596 698 3643; x_wconf 91' lang='lat' dir='ltr'><strong>ctiam</strong></span> <span class='ocrx_word' id='word_1_527' title='bbox 711 3595 738 3643; x_wconf 90' lang='lat' dir='ltr'><strong>in</strong></span> <span class='ocrx_word' id='word_1_528' title='bbox 750 3593 857 3652; x_wconf 89' lang='lat' dir='ltr'><strong>cellula,</strong></span> <span class='ocrx_word' id='word_1_529' title='bbox 871 3595 897 3642; x_wconf 92' lang='lat' dir='ltr'><strong>in</strong></span> <span class='ocrx_word' id='word_1_530' title='bbox 908 3610 959 3658; x_wconf 89' lang='lat' dir='ltr'><strong>qua</strong></span> <span class='ocrx_word' id='word_1_531' title='bbox 969 3595 1010 3642; x_wconf 77' lang='lat' dir='ltr'><strong>vir</strong></span> <span class='ocrx_word' id='word_1_532' title='bbox 1021 3595 1114 3642; x_wconf 90' lang='lat' dir='ltr'><strong>beatus</strong></span> <span class='ocrx_word' id='word_1_533' title='bbox 1122 3596 1268 3658; x_wconf 87' lang='lat' dir='ltr'><strong>quieverat,</strong></span> <span class='ocrx_word' id='word_1_534' title='bbox 1280 3596 1414 3646; x_wconf 85' lang='lat' dir='ltr'><strong>introibat.</strong></span> <span class='ocrx_word' id='word_1_535' title='bbox 1428 3599 1483 3646; x_wconf 85' lang='lat' dir='ltr'><strong>Sed</strong></span> 
     </span>
    </p>

    <p class='ocr_par' dir='ltr' id='par_1_4' title="bbox 363 3654 1527 3784">
     <span class='ocr_line' id='line_1_51' title="bbox 383 3654 1527 3723; baseline 0.001 -15"><span class='ocrx_word' id='word_1_536' title='bbox 383 3677 411 3708; x_wconf 90' lang='lat' dir='ltr'><strong>ro</strong></span> <span class='ocrx_word' id='word_1_537' title='bbox 424 3659 465 3708; x_wconf 90' lang='lat' dir='ltr'><strong>his</strong></span> <span class='ocrx_word' id='word_1_538' title='bbox 476 3664 606 3706; x_wconf 89' lang='lat' dir='ltr'><strong>commota</strong></span> <span class='ocrx_word' id='word_1_539' title='bbox 617 3657 722 3706; x_wconf 89' lang='lat' dir='ltr'><strong>tandem</strong></span> <span class='ocrx_word' id='word_1_540' title='bbox 735 3657 823 3705; x_wconf 82' lang='lat' dir='ltr'><strong>divina</strong></span> <span class='ocrx_word' id='word_1_541' title='bbox 840 3656 963 3704; x_wconf 87' lang='lat' dir='ltr'><strong>maiestas</strong></span> <span class='ocrx_word' id='word_1_542' title='bbox 975 3654 1031 3705; x_wconf 90' lang='lat' dir='ltr'><strong>ulta</strong></span> <span class='ocrx_word' id='word_1_543' title='bbox 1044 3663 1083 3705; x_wconf 88' lang='lat' dir='ltr'><strong>est</strong></span> <span class='ocrx_word' id='word_1_544' title='bbox 1099 3656 1125 3704; x_wconf 91' lang='lat' dir='ltr'><strong>in</strong></span> <span class='ocrx_word' id='word_1_545' title='bbox 1143 3657 1243 3706; x_wconf 79' lang='lat' dir='ltr'><strong>familia</strong></span> <span class='ocrx_word' id='word_1_546' title='bbox 1254 3657 1337 3706; x_wconf 88' lang='lat' dir='ltr'><strong>Prisci</strong></span> <span class='ocrx_word' id='word_1_547' title='bbox 1353 3659 1482 3723; x_wconf 87' lang='lat' dir='ltr'><strong>episcopi.</strong></span> <span class='ocrx_word' id='word_1_548' title='bbox 1494 3671 1527 3709; x_wconf 83' lang='lat'><strong>5⁰</strong></span> 
     </span>
     <span class='ocr_line' id='line_1_52' title="bbox 363 3677 1482 3784; baseline -0.001 -13"><span class='ocrx_word' id='word_1_549' title='bbox 363 3677 429 3771; x_wconf 61' lang='lat' dir='ltr'><strong>bam</strong></span> <span class='ocrx_word' id='word_1_550' title='bbox 440 3721 534 3770; x_wconf 84' lang='lat' dir='ltr'><strong>coniux</strong></span> <span class='ocrx_word' id='word_1_551' title='bbox 543 3720 598 3769; x_wconf 90' lang='lat' dir='ltr'><strong>eius</strong></span> <span class='ocrx_word' id='word_1_552' title='bbox 611 3720 735 3768; x_wconf 88' lang='lat' dir='ltr'><strong>daemone</strong></span> <span class='ocrx_word' id='word_1_553' title='bbox 748 3725 861 3783; x_wconf 88' lang='lat' dir='ltr'><strong>arrepta,</strong></span> <span class='ocrx_word' id='word_1_554' title='bbox 875 3718 991 3766; x_wconf 89' lang='lat' dir='ltr'><strong>dimissis</strong></span> <span class='ocrx_word' id='word_1_555' title='bbox 1002 3719 1118 3767; x_wconf 90' lang='lat' dir='ltr'><strong>crinibus</strong></span> <span class='ocrx_word' id='word_1_556' title='bbox 1131 3736 1178 3784; x_wconf 80' lang='lat' dir='ltr'><strong>par</strong></span> <span class='ocrx_word' id='word_1_557' title='bbox 1188 3727 1270 3768; x_wconf 90' lang='lat' dir='ltr'><strong>totam</strong></span> <span class='ocrx_word' id='word_1_558' title='bbox 1282 3721 1374 3768; x_wconf 86' lang='lat' dir='ltr'><strong>urbem</strong></span> <span class='ocrx_word' id='word_1_559' title='bbox 1386 3721 1482 3770; x_wconf 91' lang='lat' dir='ltr'><strong>insana</strong></span> 
     </span>
    </p>
   </div>
   <div class='ocr_carea' id='block_1_4' title="bbox 233 3781 1480 3891">
    <p class='ocr_par' dir='ltr' id='par_1_5' title="bbox 233 3781 1480 3891">
     <span class='ocr_line' id='line_1_53' title="bbox 233 3781 1480 3891; baseline -0.003 -55"><span class='ocrx_word' id='word_1_560' title='bbox 233 3789 286 3836; x_wconf 89' lang='lat' dir='ltr'><strong>Col.</strong></span> <span class='ocrx_word' id='word_1_561' title='bbox 299 3785 552 3844; x_wconf 61' lang='lat' dir='ltr'><strong>massabatene</strong></span> <span class='ocrx_word' id='word_1_562' title='bbox 565 3783 697 3891; x_wconf 57' lang='lat' dir='ltr'><strong>sanlqctum</strong></span> <span class='ocrx_word' id='word_1_563' title='bbox 713 3781 770 3839; x_wconf 86' lang='lat' dir='ltr'><strong>Dei,</strong></span> <span class='ocrx_word' id='word_1_564' title='bbox 783 3797 861 3845; x_wconf 78' lang='grc' dir='ltr'>ιριειιι</span> <span class='ocrx_word' id='word_1_565' title='bbox 874 3797 937 3829; x_wconf 88' lang='lat' dir='ltr'><strong>sana</strong></span> <span class='ocrx_word' id='word_1_566' title='bbox 950 3788 1103 3844; x_wconf 85' lang='lat' dir='ltr'><strong>negaverat,</strong></span> <span class='ocrx_word' id='word_1_567' title='bbox 1120 3782 1232 3829; x_wconf 90' lang='lat' dir='ltr'><strong>amicum</strong></span> <span class='ocrx_word' id='word_1_568' title='bbox 1243 3783 1339 3830; x_wconf 86' lang='lat' dir='ltr'><strong>Christi</strong></span> <span class='ocrx_word' id='word_1_569' title='bbox 1350 3785 1480 3840; x_wconf 83' lang='lat' dir='ltr'><strong>contessa,</strong></span> 
     </span>
    </p>
   </div>
   <div class='ocr_carea' id='block_1_5' title="bbox 363 3843 1607 4407">
    <p class='ocr_par' dir='ltr' id='par_1_6' title="bbox 363 3843 1483 3917">
     <span class='ocr_line' id='line_1_54' title="bbox 363 3843 1483 3917; baseline -0.002 -21"><span class='ocrx_word' id='word_1_570' title='bbox 363 3853 392 3896; x_wconf 92' lang='lat' dir='ltr'><strong>ut</strong></span> <span class='ocrx_word' id='word_1_571' title='bbox 405 3847 456 3895; x_wconf 88' lang='lat' dir='ltr'><strong>sibi</strong></span> <span class='ocrx_word' id='word_1_572' title='bbox 465 3851 597 3910; x_wconf 87' lang='lat' dir='ltr'><strong>parceret,</strong></span> <span class='ocrx_word' id='word_1_573' title='bbox 634 3843 787 3892; x_wconf 90' lang='lat' dir='ltr'><strong>eclamabat.</strong></span> <span class='ocrx_word' id='word_1_574' title='bbox 801 3844 947 3917; x_wconf 87' lang='lat' dir='ltr'><strong>Episcopus</strong></span> <span class='ocrx_word' id='word_1_575' title='bbox 961 3843 1006 3892; x_wconf 89' lang='lat' dir='ltr'><strong>ille</strong></span> <span class='ocrx_word' id='word_1_576' title='bbox 1019 3861 1034 3890; x_wconf 92' lang='lat' dir='ltr'><strong>a</strong></span> <span class='ocrx_word' id='word_1_577' title='bbox 1047 3843 1104 3917; x_wconf 91' lang='lat' dir='ltr'><strong>tipo</strong></span> <span class='ocrx_word' id='word_1_578' title='bbox 1116 3851 1243 3908; x_wconf 90' lang='lat' dir='ltr'><strong>quartano</strong></span> <span class='ocrx_word' id='word_1_579' title='bbox 1261 3861 1333 3892; x_wconf 88' lang='lat' dir='ltr'><strong>corre</strong></span> <span class='ocrx_word' id='word_1_580' title='bbox 1354 3851 1409 3900; x_wconf 84' lang='lat' dir='ltr'><strong>tus,</strong></span> <span class='ocrx_word' id='word_1_581' title='bbox 1430 3853 1483 3894; x_wconf 88' lang='lat' dir='ltr'><strong>tre-</strong></span> 
     </span>
    </p>

    <p class='ocr_par' dir='ltr' id='par_1_7' title="bbox 364 3861 1483 3970">
     <span class='ocr_line' id='line_1_55' title="bbox 364 3861 1483 3970; baseline -0.001 -12"><span class='ocrx_word' id='word_1_582' title='bbox 364 3924 463 3958; x_wconf 88' lang='lat' dir='ltr'><strong>morem</strong></span> <span class='ocrx_word' id='word_1_583' title='bbox 472 3908 591 3956; x_wconf 89' lang='lat' dir='ltr'><strong>incurrit.</strong></span> <span class='ocrx_word' id='word_1_584' title='bbox 602 3907 733 3954; x_wconf 82' lang='lat' dir='ltr'><strong>Nemeum</strong></span> <span class='ocrx_word' id='word_1_585' title='bbox 747 3906 816 3970; x_wconf 82' lang='lat' dir='ltr'><strong>tipus</strong></span> <span class='ocrx_word' id='word_1_586' title='bbox 826 3905 871 3954; x_wconf 81' lang='lat' dir='ltr'><strong>ille</strong></span> <span class='ocrx_word' id='word_1_587' title='bbox 881 3905 1040 3961; x_wconf 89' lang='lat' dir='ltr'><strong>recessisset,</strong></span> <span class='ocrx_word' id='word_1_588' title='bbox 1049 3905 1091 3952; x_wconf 80' lang='lat' dir='ltr'><strong>hic</strong></span> <span class='ocrx_word' id='word_1_589' title='bbox 1101 3923 1203 3970; x_wconf 86' lang='lat' dir='ltr'><strong>semper</strong></span> <span class='ocrx_word' id='word_1_590' title='bbox 1210 3913 1323 3954; x_wconf 90' lang='lat' dir='ltr'><strong>tremens</strong></span> <span class='ocrx_word' id='word_1_591' title='bbox 1333 3861 1483 3957; x_wconf 66' lang='lat' dir='ltr'><strong>habebatur</strong></span> 
     </span>
    </p>

    <p class='ocr_par' dir='ltr' id='par_1_8' title="bbox 363 3967 1607 4407">
     <span class='ocr_line' id='line_1_56' title="bbox 364 3967 1607 4041; baseline 0.002 -21"><span class='ocrx_word' id='word_1_592' title='bbox 364 3989 394 4020; x_wconf 89' lang='lat' dir='ltr'><strong>ae</strong></span> <span class='ocrx_word' id='word_1_593' title='bbox 413 3970 543 4034; x_wconf 89' lang='lat' dir='ltr'><strong>stupidus.</strong></span> <span class='ocrx_word' id='word_1_594' title='bbox 557 3969 637 4017; x_wconf 88' lang='lat' dir='ltr'><strong>Filius</strong></span> <span class='ocrx_word' id='word_1_595' title='bbox 648 3983 748 4041; x_wconf 88' lang='lat' dir='ltr'><strong>quoque</strong></span> <span class='ocrx_word' id='word_1_596' title='bbox 765 3968 900 4032; x_wconf 89' lang='lat' dir='ltr'><strong>omnisque</strong></span> <span class='ocrx_word' id='word_1_597' title='bbox 915 3967 1014 4016; x_wconf 75' lang='lat' dir='ltr'><strong>familia</strong></span> <span class='ocrx_word' id='word_1_598' title='bbox 1029 3967 1133 4016; x_wconf 91' lang='lat' dir='ltr'><strong>decolor</strong></span> <span class='ocrx_word' id='word_1_599' title='bbox 1147 3984 1204 4016; x_wconf 88' lang='lat' dir='ltr'><strong>esse</strong></span> <span class='ocrx_word' id='word_1_600' title='bbox 1221 3969 1358 4017; x_wconf 87' lang='lat' dir='ltr'><strong>videbatur</strong></span> <span class='ocrx_word' id='word_1_601' title='bbox 1373 3986 1402 4018; x_wconf 89' lang='lat' dir='ltr'><strong>ac</strong></span> <span class='ocrx_word' id='word_1_602' title='bbox 1422 3976 1481 4018; x_wconf 88' lang='lat' dir='ltr'><strong>stu·</strong></span> <span class='ocrx_word' id='word_1_603' title='bbox 1492 3983 1525 4022; x_wconf 85' lang='lat'><strong>55</strong></span> <span class='ocrx_word' id='word_1_604' title='bbox 1606 4017 1607 4024; x_wconf 72' lang='grc'>,</span> 
     </span>
     <span class='ocr_line' id='line_1_57' title="bbox 363 4029 1482 4099; baseline -0.002 -17"><span class='ocrx_word' id='word_1_605' title='bbox 363 4034 435 4099; x_wconf 88' lang='lat' dir='ltr'><strong>pida,</strong></span> <span class='ocrx_word' id='word_1_606' title='bbox 442 4039 472 4081; x_wconf 86' lang='lat' dir='ltr'><strong>ut</strong></span> <span class='ocrx_word' id='word_1_607' title='bbox 479 4031 544 4080; x_wconf 91' lang='lat' dir='ltr'><strong>nulli</strong></span> <span class='ocrx_word' id='word_1_608' title='bbox 558 4032 593 4079; x_wconf 90' lang='lat' dir='ltr'><strong>sit</strong></span> <span class='ocrx_word' id='word_1_609' title='bbox 602 4030 718 4088; x_wconf 79' lang='lat' dir='ltr'><strong>dubium,</strong></span> <span class='ocrx_word' id='word_1_610' title='bbox 732 4046 799 4078; x_wconf 86' lang='lat' dir='ltr'><strong>cosa</strong></span> <span class='ocrx_word' id='word_1_611' title='bbox 809 4029 891 4078; x_wconf 88' lang='lat' dir='ltr'><strong>sancti</strong></span> <span class='ocrx_word' id='word_1_612' title='bbox 902 4031 952 4078; x_wconf 88' lang='lat' dir='ltr'><strong>viri</strong></span> <span class='ocrx_word' id='word_1_613' title='bbox 960 4030 1055 4078; x_wconf 88' lang='lat' dir='ltr'><strong>virtute</strong></span> <span class='ocrx_word' id='word_1_614' title='bbox 1066 4046 1213 4094; x_wconf 87' lang='lat' dir='ltr'><strong>percussos.</strong></span> <span class='ocrx_word' id='word_1_615' title='bbox 1221 4031 1403 4096; x_wconf 87' lang='lat' dir='ltr'><strong>Semperenim</strong></span> <span class='ocrx_word' id='word_1_616' title='bbox 1411 4033 1482 4081; x_wconf 89' lang='lat' dir='ltr'><strong>Pris-</strong></span> 
     </span>
     <span class='ocr_line' id='line_1_58' title="bbox 363 4093 1480 4160; baseline -0.001 -15"><span class='ocrx_word' id='word_1_617' title='bbox 363 4096 555 4160; x_wconf 88' lang='lat' dir='ltr'><strong>cusepiscopus</strong></span> <span class='ocrx_word' id='word_1_618' title='bbox 563 4093 669 4156; x_wconf 87' lang='lat' dir='ltr'><strong>eiusque</strong></span> <span class='ocrx_word' id='word_1_619' title='bbox 681 4093 779 4140; x_wconf 73' lang='lat' dir='ltr'><strong>familia</strong></span> <span class='ocrx_word' id='word_1_620' title='bbox 789 4099 880 4140; x_wconf 89' lang='lat' dir='ltr'><strong>contra</strong></span> <span class='ocrx_word' id='word_1_621' title='bbox 891 4093 1060 4141; x_wconf 90' lang='lat' dir='ltr'><strong>sanctumDei</strong></span> <span class='ocrx_word' id='word_1_622' title='bbox 1068 4093 1174 4140; x_wconf 78' lang='lat' dir='ltr'><strong>nefariis</strong></span> <span class='ocrx_word' id='word_1_623' title='bbox 1185 4093 1292 4141; x_wconf 89' lang='lat' dir='ltr'><strong>vocibus</strong></span> <span class='ocrx_word' id='word_1_624' title='bbox 1302 4094 1480 4152; x_wconf 87' lang='lat' dir='ltr'><strong>oblatrabant,</strong></span> 
     </span>
     <span class='ocr_line' id='line_1_59' title="bbox 363 4154 1480 4224; baseline -0.001 -17"><span class='ocrx_word' id='word_1_625' title='bbox 363 4158 502 4224; x_wconf 86' lang='lat' dir='ltr'><strong>ipsumque</strong></span> <span class='ocrx_word' id='word_1_626' title='bbox 512 4156 563 4205; x_wconf 92' lang='lat' dir='ltr'><strong>sibi</strong></span> <span class='ocrx_word' id='word_1_627' title='bbox 576 4155 687 4205; x_wconf 86' lang='lat' dir='ltr'><strong>amicum</strong></span> <span class='ocrx_word' id='word_1_628' title='bbox 699 4171 756 4202; x_wconf 88' lang='lat' dir='ltr'><strong>esse</strong></span> <span class='ocrx_word' id='word_1_629' title='bbox 768 4155 891 4211; x_wconf 88' lang='lat' dir='ltr'><strong>dicentes,</strong></span> <span class='ocrx_word' id='word_1_630' title='bbox 904 4155 1059 4219; x_wconf 89' lang='lat' dir='ltr'><strong>quicumque</strong></span> <span class='ocrx_word' id='word_1_631' title='bbox 1067 4154 1098 4202; x_wconf 91' lang='lat' dir='ltr'><strong>dc</strong></span> <span class='ocrx_word' id='word_1_632' title='bbox 1106 4171 1136 4203; x_wconf 87' lang='lat' dir='ltr'><strong>eo</strong></span> <span class='ocrx_word' id='word_1_633' title='bbox 1146 4155 1181 4202; x_wconf 89' lang='lat' dir='ltr'><strong>im</strong></span> <span class='ocrx_word' id='word_1_634' title='bbox 1202 4155 1480 4218; x_wconf 82' lang='lat' dir='ltr'><strong>roperiaevomuissct.</strong></span> 
     </span>
     <span class='ocr_line' id='line_1_60' title="bbox 364 4216 1481 4281; baseline -0.001 -12"><span class='ocrx_word' id='word_1_635' title='bbox 364 4223 480 4270; x_wconf 87' lang='lat' dir='ltr'><strong>Iusserat</strong></span> <span class='ocrx_word' id='word_1_636' title='bbox 491 4219 561 4268; x_wconf 85' lang='lat' dir='ltr'><strong>enim</strong></span> <span class='ocrx_word' id='word_1_637' title='bbox 573 4219 600 4266; x_wconf 91' lang='lat' dir='ltr'><strong>in</strong></span> <span class='ocrx_word' id='word_1_638' title='bbox 611 4216 755 4281; x_wconf 89' lang='lat' dir='ltr'><strong>primordio</strong></span> <span class='ocrx_word' id='word_1_639' title='bbox 769 4217 936 4281; x_wconf 88' lang='lat' dir='ltr'><strong>episcopatus</strong></span> <span class='ocrx_word' id='word_1_640' title='bbox 952 4217 993 4265; x_wconf 92' lang='lat' dir='ltr'><strong>sui</strong></span> <span class='ocrx_word' id='word_1_641' title='bbox 1013 4217 1161 4266; x_wconf 88' lang='lat' dir='ltr'><strong>aedificium</strong></span> <span class='ocrx_word' id='word_1_642' title='bbox 1195 4234 1269 4266; x_wconf 91' lang='lat' dir='ltr'><strong>omus</strong></span> <span class='ocrx_word' id='word_1_643' title='bbox 1289 4219 1481 4268; x_wconf 85' lang='lat' dir='ltr'><strong>ecclesiasticae</strong></span> 
     </span>
     <span class='ocr_line' id='line_1_61' title="bbox 364 4279 1526 4344; baseline -0.002 -12"><span class='ocrx_word' id='word_1_644' title='bbox 364 4284 486 4339; x_wconf 84' lang='lat' dir='ltr'><strong>exaltari;</strong></span> <span class='ocrx_word' id='word_1_645' title='bbox 500 4289 525 4330; x_wconf 88' lang='lat' dir='ltr'><strong>ct</strong></span> <span class='ocrx_word' id='word_1_646' title='bbox 537 4281 675 4336; x_wconf 91' lang='lat' dir='ltr'><strong>diaconus,</strong></span> <span class='ocrx_word' id='word_1_647' title='bbox 693 4295 771 4343; x_wconf 87' lang='lat' dir='ltr'><strong>quem</strong></span> <span class='ocrx_word' id='word_1_648' title='bbox 787 4295 864 4344; x_wconf 90' lang='lat' dir='ltr'><strong>saepe</strong></span> <span class='ocrx_word' id='word_1_649' title='bbox 885 4295 933 4344; x_wconf 88' lang='lat' dir='ltr'><strong>pro</strong></span> <span class='ocrx_word' id='word_1_650' title='bbox 954 4279 1054 4328; x_wconf 81' lang='lat' dir='ltr'><strong>lacinus</strong></span> <span class='ocrx_word' id='word_1_651' title='bbox 1070 4279 1192 4328; x_wconf 87' lang='lat' dir='ltr'><strong>adulterii</strong></span> <span class='ocrx_word' id='word_1_652' title='bbox 1212 4285 1316 4328; x_wconf 87' lang='lat' dir='ltr'><strong>sanctus</strong></span> <span class='ocrx_word' id='word_1_653' title='bbox 1338 4281 1396 4340; x_wconf 90' lang='lat' dir='ltr'><strong>Dei,</strong></span> <span class='ocrx_word' id='word_1_654' title='bbox 1419 4281 1482 4340; x_wconf 82' lang='lat' dir='ltr'><strong>dum</strong></span> <span class='ocrx_word' id='word_1_655' title='bbox 1496 4286 1526 4323; x_wconf 73' lang='lat'><strong>⁴³⁰</strong></span> 
     </span>
     <span class='ocr_line' id='line_1_62' title="bbox 364 4342 1480 4407; baseline -0.001 -13"><span class='ocrx_word' id='word_1_656' title='bbox 364 4353 433 4394; x_wconf 87' lang='lat' dir='ltr'><strong>essct</strong></span> <span class='ocrx_word' id='word_1_657' title='bbox 450 4346 476 4392; x_wconf 92' lang='lat' dir='ltr'><strong>in</strong></span> <span class='ocrx_word' id='word_1_658' title='bbox 493 4359 610 4406; x_wconf 88' lang='lat' dir='ltr'><strong>corpore,</strong></span> <span class='ocrx_word' id='word_1_659' title='bbox 632 4359 683 4390; x_wconf 90' lang='lat' dir='ltr'><strong>non</strong></span> <span class='ocrx_word' id='word_1_660' title='bbox 701 4342 785 4390; x_wconf 89' lang='lat' dir='ltr'><strong>solum</strong></span> <span class='ocrx_word' id='word_1_661' title='bbox 803 4359 818 4390; x_wconf 91' lang='lat' dir='ltr'><strong>a</strong></span> <span class='ocrx_word' id='word_1_662' title='bbox 834 4342 1015 4390; x_wconf 88' lang='lat' dir='ltr'><strong>communione</strong></span> <span class='ocrx_word' id='word_1_663' title='bbox 1032 4348 1185 4400; x_wconf 77' lang='lat' dir='ltr'><strong>removerat,</strong></span> <span class='ocrx_word' id='word_1_664' title='bbox 1209 4343 1253 4390; x_wconf 89' lang='lat' dir='ltr'><strong>sed</strong></span> <span class='ocrx_word' id='word_1_665' title='bbox 1276 4343 1354 4393; x_wconf 83' lang='lat' dir='ltr'><strong>etiarn</strong></span> <span class='ocrx_word' id='word_1_666' title='bbox 1375 4344 1480 4407; x_wconf 88' lang='lat' dir='ltr'><strong>saepius</strong></span> 
     </span>
    </p>
   </div>
   <div class='ocr_carea' id='block_1_6' title="bbox 0 0 1622 5156">
    <p class='ocr_par' dir='ltr' id='par_1_9' title="bbox 0 0 1622 5156">
     <span class='ocr_line' id='line_1_63' title="bbox 0 0 1622 5156; baseline 0 0"><span class='ocrx_word' id='word_1_667' title='bbox 0 0 1622 5156; x_wconf 95' lang='lat' dir='ltr'><strong> </strong></span> 
     </span>
    </p>
   </div>
  </div>
 </body>
</html>
