3256 5144
378 443 422 504 tea
661 443 819 505 ennoean
838 451 1046 504 aunonsusts
1062 445 1213 503 uriscort

240 586 296 632 col.
309 587 361 633 aaa.
375 573 506 652 caritas,
522 572 535 663 ΙΙ
551 597 649 662 quam
664 573 725 638 tibi
747 569 849 638 hodie
870 573 1043 660 polheim,
1069 583 1154 636 teste
1179 575 1263 637 Deo.
1291 599 1307 633 »
1336 577 1496 638 Proceres

373 699 451 739 vero
468 674 677 739 Childeberti
692 698 753 763 pro
770 674 888 738 eodem
907 672 1061 738 similiter
1077 671 1219 759 polliciti
1235 685 1323 738 sunt.
1348 677 1390 738 Et
1404 700 1496 738 mau-

373 777 534 841 dueantes
564 768 665 840 simul
699 775 986 866 atque-bibentes
1019 775 1200 864 dignisque
1231 799 1265 838 se
1303 775 1496 840 muneribus

373 879 595 956 honorantes,
617 875 748 966 pacifici
780 876 1026 954 discesserunt,
1060 875 1102 940 ad
1127 875 1355 964 Chilpcricum
1384 901 1496 966 regem

372 979 574 1070 legationem
601 981 790 1058 mittentes,
813 992 850 1044 ut
877 977 1034 1044 redderet
1062 977 1152 1065 quod
1183 978 1224 1042 de
1258 1001 1372 1042 eornm
1392 1003 1496 1068 regno
1526 1006 1538 1042 a

373 1079 553 1162 minuerat3
577 1079 706 1169 quodsi
724 1079 882 1158 deferret,
901 1099 1054 1168 eampum
1070 1090 1286 1167 praepararet
1301 1078 1341 1142 nd
1357 1078 1493 1142 bellurn

372 1185 470 1266 Quod
488 1183 544 1248 ille
562 1182 764 1271 dispiciens,
782 1194 862 1270 aput
881 1180 1079 1247 Suessiones
1100 1193 1199 1268 atque
1217 1179 1364 1245 Parisios
1387 1181 1495 1244 circos

372 1283 547 1350 aedificare
564 1283 747 1373 praecipit,
772 1307 896 1372 eosque
914 1281 1048 1370 populis
1069 1281 1298 1369 spectaculum
1315 1283 1492 1368 praebens.

415 1467 474 1530 XII
491 1465 567 1552 (18).
589 1466 647 1529 His
668 1463 713 1527 ita
732 1464 853 1554 gestie,
875 1461 1014 1526 audiens
1035 1457 1267 1549 Chilperieus,
1290 1459 1380 1548 quod
1399 1463 1502 1526 Prae-⁸

370 1579 512 1631 textatus
542 1565 821 1654 Rhotomagensis
853 1562 1032 1651 episcopus
1054 1573 1171 1626 contra
1195 1561 1375 1625 utilitatem
1402 1587 1493 1630 suaun
1513 1591 1538 1631 ιο

370 1667 503 1756 populis
522 1691 658 1732 munera
673 1667 780 1746 daret,
799 1689 873 1730 eum
894 1664 934 1728 ad
955 1689 990 1728 se
1008 1665 1170 1728 arcessire
1189 1663 1366 1752 praecipit.
1387 1669 1495 1749 Quem
1608 1711 1609 1754 ,

370 1769 575 1849 discussum,
599 1769 748 1858 repperit
772 1793 847 1833 cum
871 1767 989 1832 eodem
1009 1789 1062 1831 res
1083 1766 1332 1832 Brunechildae
1358 1771 1496 1858 reginae

371 1871 635 1950 commendatas3
650 1873 808 1960 ipsasque
820 1870 959 1948 ablatas,
979 1893 1054 1933 eum
1071 1868 1105 1932 in
1116 1867 1250 1932 exilium
1263 1893 1369 1958 usque
1388 1896 1495 1937 sacer-

369 1972 515 2038 dotalem
544 1972 746 2037 audientiam
771 1984 923 2037 retenere
957 1970 1132 2058 praecipit.
1165 1971 1354 2036 Coniuncto
1384 1988 1495 2040 autem
1608 2053 1609 2062 χ

369 2074 528 2154 concilio,
549 2073 717 2139 exhibitus
734 2085 795 2138 est.
817 2076 921 2138 Erant
938 2069 1088 2160 episcopi
1107 2071 1164 2161 qui
1182 2071 1386 2155 advenerant
1406 2073 1495 2164 apud
1513 2104 1539 2142 ts
1608 2067 1609 2146 i

367 2175 513 2242 Parisios
554 2175 690 2240 basilica
727 2175 832 2240 saneti
869 2173 959 2240 Petri
998 2173 1150 2263 apostoli.
1200 2173 1260 2238 Cui
1294 2197 1350 2238 rex
1397 2177 1442 2240 ait
1487 2206 1492 2242 :
1608 2167 1609 2254 i

368 2301 385 2338 a
413 2278 500 2362 Quid
523 2277 584 2342 tibi
619 2279 723 2343 visum
749 2290 818 2356 est,
850 2302 870 2342 o
896 2277 1078 2365 episcope,
1112 2288 1149 2339 ut
1174 2275 1346 2340 inimicum
1383 2303 1494 2346 meum

365 2382 613 2462 Merovechum,
633 2380 690 2470 qui
705 2379 793 2444 filius
806 2405 880 2444 esse
895 2379 1076 2456 debuerat,
1090 2403 1165 2442 cum
1184 2377 1284 2442 amita
1304 2401 1375 2458 sua,
1389 2379 1423 2446 id
1444 2395 1495 2447 est
1608 2421 1609 2464 ,

365 2483 473 2570 patrui
502 2485 552 2548 sui
575 2507 694 2562 irxore,
718 2481 962 2572 coniungeres?
977 2480 1028 2545 An
1052 2482 1188 2569 ignarus
1211 2503 1302 2559 eras,
1324 2505 1409 2570 quac
1431 2509 1493 2573 pro
1608 2469 1609 2550 l

364 2586 426 2649 hac
460 2610 557 2650 causa
587 2609 750 2649 canonum
788 2597 910 2648 statuta
942 2581 1156 2648 sanxissent?
1187 2582 1294 2646 Etiam
1331 2607 1399 2649 uon
1435 2586 1534 2652 hicio

365 2687 472 2752 solum
490 2687 674 2753 excessisse
692 2687 862 2774 probaris,
886 2685 944 2750 sed
967 2684 1065 2750 etiam
1084 2707 1158 2748 eum
1181 2682 1241 2748 illo
1262 2686 1381 2775 egisti,
1403 2687 1490 2758 datis

365 2789 575 2868 muneribus,
597 2776 634 2853 ut
667 2813 729 2878 ego
751 2787 969 2852 interficerer.
1000 2789 1138 2850 Hostem
1161 2799 1270 2850 autem
1302 2785 1370 2852 filio
1403 2792 1490 2878 patri

364 2891 489 2972 fecisti,
510 2889 670 2956 seduxisti
686 2889 862 2978 pecuniam
878 2890 1031 2977 plebem,
1049 2899 1086 2952 ut
1108 2888 1219 2952 nullus
1240 2911 1369 2954 mecum
1389 2890 1490 2956 fidem
1608 2875 1609 2934 l

365 2994 510 3058 habitam
540 2993 739 3071 custodiret,
771 2991 973 3082 voluistique
1005 3015 1145 3080 regnum
1182 3013 1291 3055 meum
1318 2990 1353 3054 in
1390 3017 1490 3060 manu
1608 3065 1609 3074 ,

323 3136 327 3146 ·
364 3093 499 3160 alterius
526 3095 669 3160 tradere.
698 3121 714 3156 a
743 3097 831 3160 Haec
860 3117 899 3158 eo
926 3093 1079 3171 dicente,
1106 3090 1278 3156 infremuit
1310 3094 1531 3162 multitudoas
1608 3081 1609 3148 l

363 3199 567 3261 Francorum
594 3195 764 3284 voluitque
795 3209 888 3260 osteo
923 3193 1080 3258 basilicae
1115 3217 1286 3284 rumpere,
1326 3196 1420 3284 quasi
1453 3211 1491 3263 nt

364 3309 547 3364 extractum
561 3297 766 3364 sacerdotem
781 3296 950 3386 lapidibus
968 3309 1143 3385 urgueret;
1167 3295 1225 3360 sed
1242 3319 1299 3360 rex
1313 3299 1490 3386 prohibuit

243 3399 446 3464 rambert.
463 3399 476 3493 [l
494 3403 644 3490 Cumque
661 3402 890 3465 Praetextatus
914 3398 1092 3486 episcopus
1118 3421 1155 3461 ea
1177 3421 1261 3486 quae
1282 3421 1338 3462 rex
1358 3398 1490 3465 dixerat

226 3504 448 3566 Cottaalaeta
477 3501 646 3593 nellgaret,
676 3502 883 3566 advenerunt
915 3498 988 3563 salsi
1022 3511 1143 3578 testes,
1175 3498 1232 3586 qui
1262 3501 1488 3567 ostendebant

361 3602 487 3691 aliquas
510 3605 656 3694 species,
692 3601 843 3668 dicentes
866 3629 871 3666 z
897 3627 913 3664 a
940 3603 1028 3665 Haec
1051 3612 1085 3665 et
1103 3603 1185 3665 baec
1214 3601 1312 3665 nobis
1341 3602 1529 3686 cledisti,ae

360 3717 395 3769 nt
419 3705 654 3770 Meroveehum
690 3703 790 3768 fidem
819 3701 1015 3791 promittere
1041 3701 1252 3766 deberemus.
1278 3729 1294 3764 »
1324 3703 1375 3767 nd
1403 3706 1487 3772 haee

359 3806 415 3870 ille
434 3805 569 3872 dicebat
588 3833 594 3871 :
616 3806 771 3874 «Verum
788 3804 876 3869 enim
893 3804 1005 3870 dicitis
1022 3827 1081 3869 vos
1102 3829 1119 3868 a
1139 3829 1190 3868 me
1213 3806 1345 3894 saepius
1367 3831 1486 3874 muue-

357 3919 464 3988 ratos;
482 3907 540 3974 sed
560 3933 628 3974 non
646 3909 728 3972 haec
750 3931 848 3972 eausa
864 3906 985 3985 extitit,
1007 3919 1045 3971 ut
1065 3931 1122 3970 rex
1142 3906 1343 3972 eiceretura
1363 3931 1481 4000 reguo.

356 4011 439 4077 Nam
456 4010 555 4075 etiam
570 4034 628 4075 vos
643 4009 723 4074 mihi
738 4021 771 4074 et
780 4031 883 4098 eqnos
896 4010 1040 4097 optimos
1057 4019 1090 4071 et
1104 4031 1156 4071 res
1172 4007 1253 4071 alias
1265 4010 1482 4096 praebuistis,

357 4111 518 4202 numquid
537 4126 688 4201 poteram
706 4110 796 4176 aliud
817 4111 942 4190 faeere,
963 4110 1028 4174 nisi
1049 4122 1082 4174 et
1102 4133 1164 4200 ego
1185 4134 1242 4174 vos
1265 4111 1372 4176 simile
1392 4128 1483 4180 sorte
1498 4141 1525 4179 as

355 4213 622 4280 remunerarem?
641 4239 658 4275 a
679 4213 871 4278 Recedente
893 4236 971 4276 vero
993 4235 1104 4300 regem
1123 4211 1163 4275 ad
1183 4223 1340 4276 metatum
1366 4239 1479 4295 suum,

355 4337 428 4396 nos,
452 4311 602 4381 collectis
620 4315 651 4380 in
671 4336 786 4392 tutum,
809 4314 1008 4379 sedebamus
1025 4311 1059 4376 in
1079 4315 1293 4378 secretarium
1319 4315 1479 4383 basilicae
