3188 5166
403 453 568 504 HISTORIAE
586 455 786 508 Francorum
803 455 900 506 unua
917 457 949 505 11.
1205 457 1232 504 71

112 571 387 660 conpraehensos
407 597 444 638 ac
465 569 584 663 legatis
606 587 800 665 postergum
820 574 973 640 manibus
993 574 1028 638 in
1051 585 1233 661 conspectu

111 672 428 740 Chlodovechiuna
443 699 517 740 cum
538 675 714 744 Riochario
739 677 833 742 fratri
858 699 918 742 suo
937 675 1157 766 perducitur„
1172 674 1233 740 Cui

111 773 172 839 ille
193 801 199 838 :
219 803 236 839 «
256 776 333 856 Cur,
355 777 678 867 inquit,humiliasti
697 804 804 870 genus
818 792 981 860 nostrum,
999 792 1036 844 ut
1051 792 1085 843 te
1099 777 1233 843 vincere

111 877 352 965 permitteres?
374 879 494 946 Melius
519 883 608 946 enim
633 880 695 945 tibi
716 882 823 947 fuerat
849 882 943 946 mori.
967 907 984 944 »
1010 884 1053 946 Et
1073 880 1231 945 elevatam

81 1005 94 1042 s
111 1005 275 1082 securem¹
287 983 396 1073 capite
411 985 482 1048 eius
500 983 635 1066 defixit,
656 1009 903 1074 conversusque
917 985 958 1050 ad
966 985 979 1075 [Ι
996 985 1130 1050 fratrem
1146 985 1228 1066 eius,
1241 995 1296 1046 Col.
1311 1000 1349 1045 oo.

110 1082 188 1147 ait:
213 1109 231 1146 a
254 1083 290 1150 Si
315 1097 350 1150 tu
371 1085 531 1152 solacium
554 1087 647 1153 fratri
665 1088 897 1176 praebuisses,
926 1087 1088 1178 allegatus
1116 1085 1231 1174 utique

109 1211 182 1251 non
193 1187 326 1269 fuisset3
348 1215 364 1252 a
382 1188 535 1257 similiter
553 1202 586 1255 et
599 1191 688 1256 hunc
709 1215 825 1256 secure
841 1214 1036 1280 percussum
1049 1189 1236 1282 interfecit¹¹

108 1291 195 1353 Post
209 1312 349 1377 quorum
369 1305 508 1357 mortem
527 1303 733 1382 cognoscent
743 1292 933 1380 proditores
953 1316 1080 1373 eorum,
1097 1296 1228 1368 aurum',

109 1393 204 1479 quod
230 1417 247 1457 a
270 1393 342 1484 regi
365 1407 580 1484 acceperant,
605 1419 678 1460 esse
700 1395 897 1460 adulterum.
931 1393 1028 1477 Quod
1054 1381 1128 1458 cum
1160 1395 1230 1484 regi

68 1516 93 1554 ιο
109 1492 295 1576 dixissent,
318 1495 375 1560 ille
394 1496 609 1586 respondisse
635 1497 740 1562 fertur
764 1523 771 1560 τ
798 1524 816 1560 u
845 1497 985 1577 Merito,
1009 1496 1136 1586 inquit,
1164 1494 1230 1560 tale

109 1619 194 1661 auro
209 1599 355 1686 accepit,
382 1601 440 1689 qui
456 1599 592 1664 domino
610 1624 670 1664 suo
687 1600 728 1664 ad
747 1612 887 1664 mortem
904 1598 1040 1689 propria
1061 1598 1229 1663 volontate

107 1697 268 1780 deducit3
292 1727 309 1764 n
327 1701 392 1766 hoc
403 1700 470 1766 illis
481 1702 572 1791 quod
586 1702 869 1767 viverentdebere
889 1700 1069 1781 suffecere,
1087 1725 1129 1765 ne
1146 1699 1230 1764 male

107 1801 339 1889 proditionem
371 1803 582 1868 dominorum
615 1829 748 1869 suorum
781 1803 919 1895 lugituri
946 1803 1035 1868 inter
1064 1814 1229 1868 tormenta

107 1903 315 1970 defecerent.
336 1907 435 1991 Quod
447 1906 496 1972 illi
514 1906 704 1988 audientes,
727 1908 889 1996 optabant
908 1907 1049 1996 gratiam
1072 1904 1226 1995 adipisci,

69 2030 93 2069 15
108 2006 197 2072 illud
217 2007 281 2073 sibi
306 2022 492 2075 asserentes
511 2009 692 2092 suffecere,
715 2009 742 2074 si
770 2009 880 2075 vivere
904 2020 1121 2074 mererentur.
1145 2011 1171 2074 F
1174 2032 1227 2072 ue-

107 2122 190 2174 runt
210 2123 319 2176 autem
336 2111 518 2202 supradicti
537 2113 625 2202 regis
640 2111 822 2202 propinqui
836 2113 955 2190 huius,
974 2134 1114 2201 quorum
1127 2111 1228 2175 frater

108 2212 323 2301 Rignomeris
351 2215 485 2280 nomine
510 2215 597 2303 apud
625 2213 850 2290 Cenomannis
876 2213 1042 2279 civitatem
1070 2237 1110 2276 ex
1135 2213 1227 2277 iusso

107 2313 399 2382 Chlodovechiest
413 2316 620 2383 interfectus.
636 2316 765 2400 Quibus
775 2315 926 2395 mortuis,
945 2339 1076 2380 omnem
1087 2338 1226 2403 regnum

108 2441 226 2481 eorum
241 2431 274 2482 et
286 2421 460 2484 thesauros
479 2419 734 2487 Chlodovechus
753 2419 893 2507 accepit.
922 2415 1175 2505 Interfectisque
1194 2427 1227 2480 et

66 2542 92 2580 so
108 2517 185 2584 aliis
203 2521 315 2585 multis
336 2521 471 2612 regibus
490 2522 541 2586 vel
559 2520 755 2611 parentibus
784 2521 852 2584 suis
878 2519 1014 2609 primis,
1041 2518 1083 2582 de
1103 2517 1225 2606 quibus

106 2622 217 2687 zelum
234 2624 395 2702 habebat,
417 2647 459 2688 ne
480 2623 510 2688 ei
531 2647 670 2714 regnum
688 2621 873 2701 auferrent,
895 2645 1033 2712 regnum
1052 2644 1145 2684 suum
1166 2645 1226 2710 per

106 2734 196 2786 totas
214 2720 337 2786 Gallias
353 2720 512 2786 dilatavit.
529 2725 665 2801 Tamen,
680 2720 891 2810 congregatis
903 2719 971 2784 suis
983 2717 1124 2807 quadam
1137 2719 1222 2798 vice,
1271 2763 1274 2770 ·

107 2821 233 2888 dixisse
250 2823 353 2887 fertur
371 2823 412 2888 de
437 2820 661 2914 parenlltibus,
684 2846 765 2913 quas
783 2821 855 2912 ipse
875 2821 1068 2911 perdiderat
1088 2847 1094 2884 :
1123 2849 1140 2883 ι(
1157 2824 1224 2889 Vae
1236 2837 1290 2887 Col.
1305 2840 1357 2886 100.

107 2925 206 3007 mihi,
230 2924 287 3014 qui
307 2931 473 3015 tamquam
494 2926 693 3016 peregrinus
712 2925 800 2990 inter
825 2938 1000 2991 extraneos
1026 2924 1170 2988 remansi
1191 2936 1224 2987 et

66 3053 93 3091 ss
108 3052 178 3093 non
197 3028 305 3092 habeo
325 3028 366 3093 de
384 3030 579 3116 parentibus
598 3028 699 3108 meis,
719 3029 777 3117 qui
797 3027 894 3108 mihi,
917 3028 945 3092 si
961 3025 1091 3091 venerit
1107 3025 1222 3089 adver-

107 3131 208 3212 sitas,
234 3130 341 3220 possit
366 3129 491 3220 aliquid
513 3131 678 3196 adiuvare.
713 3156 729 3192 »
760 3129 827 3196 Sed
858 3132 923 3197 hoc
946 3155 1014 3195 non
1047 3130 1088 3193 de
1117 3139 1223 3193 morte
1294 3191 1298 3201 ,

107 3235 227 3303 horum
243 3233 438 3313 condolens,
457 3234 515 3298 sed
529 3232 606 3298 dolo
622 3233 771 3312 dicebat,
790 3232 818 3296 si
836 3232 920 3298 forte
935 3231 1100 3322 potuisset
1115 3232 1222 3296 adhuc

107 3334 252 3424 aliquem
273 3335 455 3426 repperire,
477 3348 513 3401 ut
532 3335 756 3402 interfeceret.

152 3520 273 3584 XXXII
289 3516 365 3604 (43).
387 3519 445 3581 His
462 3516 507 3580 ita
525 3517 714 3597 transactis,
726 3519 814 3606 apud
830 3517 976 3584 Parisius
992 3515 1092 3595 obiit,
1110 3516 1221 3606 sepul-

66 3632 229 3709 aotusque
250 3619 285 3684 in
325 3617 503 3684 basilecam
530 3631 719 3684 sanctorum
748 3620 993 3708 apostolorum,
1019 3643 1117 3708 quam
1148 3641 1222 3710 cum
1369 3694 1371 3697 ⁸

108 3720 356 3790 Chrcdechildc
391 3721 507 3811 regina
538 3723 610 3811 ipse
640 3734 880 3788 construxerat.
899 3719 912 3812 l}
931 3721 1086 3813 Migravit
1113 3734 1221 3786 autem
1232 3740 1286 3788 Fol.
1300 3739 1337 3787 31.

106 3837 185 3914 post
198 3823 444 3914 Vogladensem
469 3824 593 3890 bellum
616 3849 702 3890 anno
719 3823 846 3914 quinto.
869 3828 1084 3914 Fueruntque
1106 3848 1221 3890 omnes

107 3927 181 3993 dies
198 3927 294 4017 regni
309 3926 379 3992 eius
398 3928 537 4016 triginta
555 3927 643 3991 anni.
666 3927 693 3992 Α
712 3927 857 3993 transitu
875 3951 953 3992 vero
969 3928 1075 3992 sancti
1088 3926 1221 3992 Martini

107 4055 213 4120 usque
234 4031 275 4094 ad
296 4030 472 4096 transitum
492 4031 721 4096 Chlodoveehi
745 4031 849 4121 regis,
877 4029 934 4120 qui
958 4028 1021 4095 fuit
1045 4030 1221 4095 undecimo

68 4157 94 4196 35
109 4157 195 4198 anno
218 4131 430 4222 episcopatus
457 4132 563 4198 Licini
588 4131 744 4222 Toronici
770 4132 970 4213 sacerdotis,
1001 4144 1223 4222 supputantur

108 4237 186 4300 anni
220 4248 352 4300 centum
385 4235 574 4300 duodecim.
598 4235 826 4300 Chrotchildis
858 4249 967 4300 autem
997 4237 1112 4326 regina
1145 4249 1223 4324 post

110 4352 249 4406 mortem
268 4338 329 4405 viri
349 4339 399 4406 sui
422 4342 574 4406 Toronus
593 4339 700 4420 venit,
729 4338 843 4428 ibique
870 4339 911 4404 ad
936 4339 1107 4404 basilicam
1133 4339 1222 4404 beati
