3220 5158
385 447 415 492 66
669 437 826 490 GREGORH
843 435 1051 486 TURONENSIS
1068 436 1218 490 EPISCOPI

266 572 318 619 Col·
333 573 371 618 92·
428 559 547 624 XXVII
577 554 654 643 (37).
693 548 1085 644 Igitur'Cblodovesschus
1106 551 1226 616 rex-ait
1245 552 1313 616 suis
1334 576 1340 612 :
1362 549 1491 618 «Valde

384 659 559 725 molestum
574 657 664 736 fero,
684 656 774 745 quod
789 655 837 720 hii
852 653 984 720 Arriani
1002 666 1130 742 partem
1149 666 1287 721 teneant
1302 651 1488 718 Galliarum.

383 766 503 828 Eamus
518 784 599 826 cum
616 761 678 826 Dei
697 757 897 824 adiutorium
913 758 936 838 ¹,
950 771 983 822 et
999 759 1163 843 superatis
1174 757 1364 848 redigamus
1376 769 1491 821 terram

382 867 416 930 in
433 865 568 930 dicione
588 875 712 930 nostra.
735 888 751 924 u
769 863 919 950 Cumque
937 859 1120 949 placuisset
1138 859 1293 926 omnibus
1306 859 1361 924 hic
1375 883 1498 938 sermo,-

335 1023 338 1030 .
383 975 549 1034 commoto
567 966 726 1046 exercitu,
744 967 904 1030 Pectavus
922 963 1055 1052 diregit.
1076 963 1128 1028 Ibi
1144 975 1225 1029 tunc
1242 961 1394 1029 Alaricus
1412 984 1517 1027 come

383 1069 595 1158 morabatur⁸⁴
619 1066 686 1137 Sed
715 1065 872 1155 quoniam
904 1087 981 1154 pars
1019 1064 1166 1128 hostium
1200 1081 1265 1154 ‘per
1291 1063 1492 1129 territurium

383 1170 584 1240 Toronicum
609 1167 810 1247 transiebat,
836 1191 898 1257 pro
920 1165 1106 1240 reverentia
1130 1168 1219 1232 beati
1243 1165 1378 1236 Martini
1405 1165 1494 1232 dedit

383 1273 546 1351 edictum,
566 1285 602 1340 ut
624 1271 734 1337 nullus
757 1271 798 1346 de
817 1269 953 1362 regione
979 1269 1036 1334 illa
1060 1268 1174 1349 aliud,
1192 1283 1290 1359 quam
1318 1269 1493 1334 herbarum

383 1375 735 1463 alimento'aquamque
747 1384 985 1463 praesumeret.
1003 1371 1145 1456 Quidam
1160 1383 1269 1437 autern
1283 1371 1325 1437 dc
1337 1370 1492 1450 exercitu,

382 1479 517 1544 invento
533 1477 703 1542 cuiusdam
723 1475 880 1566 pauperis
898 1475 1026 1554 fenum,
1049 1475 1094 1540 ait
1116 1501 1156 1538 ει(
1176 1477 1295 1542 Nonne
1317 1499 1375 1540 rex
1395 1475 1494 1540 herba
1507 1497 1530 1534 rc

383 1591 511 1646 tantum
532 1581 699 1669 praesumi
726 1577 909 1658 mandavit,
944 1576 1028 1644 nihil
1054 1577 1165 1642 aliud?
1198 1580 1240 1642 Et
1254 1578 1337 1657 hoc,
1371 1576 1492 1666 inquit,

383 1685 487 1748 herba
506 1695 566 1748 est.
588 1684 663 1749 Non
683 1680 773 1746 enim
795 1680 919 1746 erimus
934 1694 1202 1771 transgressores
1219 1681 1391 1769 praecepti
1410 1679 1495 1758 eius,

384 1784 495 1850 sicam
511 1783 765 1874 praesumimus.
787 1809 804 1845 ι)
820 1783 970 1873 Cumque
990 1781 1055 1849 vim
1071 1781 1197 1848 faciens
1212 1784 1352 1872 pauperi
1368 1781 1497 1847 faenum

382 1885 503 1952 virtute
534 1887 683 1967 tulisset,
719 1885 838 1950 factum
864 1883 1017 1973 pervenit
1042 1885 1083 1950 ad
1116 1909 1241 1974 regem.
1272 1886 1378 1967 Quem
1410 1883 1497 1950 dioto

384 1987 481 2054 citius
500 1987 612 2079 gladio
627 2000 857 2077 peremptum,
877 1989 923 2052 ait
943 2013 949 2050 :
970 2013 987 2050 ιι
1005 1989 1046 2050 Et
1066 1985 1122 2051 ubi
1142 1986 1205 2052 erit
1222 2011 1299 2076 spes
1317 1986 1494 2066 victuriae,
1510 2011 1531 2048 n

385 2093 412 2155 si
434 2093 531 2158 beato
559 2092 703 2158 Martino
728 2089 950 2157 offendimus?
974 2087 1130 2178 Satisque
1155 2089 1217 2154 fuit
1245 2088 1391 2155 exercitu
1417 2089 1498 2154 nihil

383 2195 522 2259 ulterius
546 2195 587 2258 ab
611 2195 673 2258 hac
698 2194 835 2285 regione
860 2216 1083 2282 praesumere.
1103 2194 1183 2288 'lpse
1205 2216 1283 2257 vero
1303 2216 1360 2256 rex
1379 2192 1499 2258 direxit

384 2297 518 2362 nuntios
547 2295 587 2360 ad
615 2294 704 2360 beati
733 2292 927 2378 basilecam,
953 2295 1069 2360 dicens
1088 2320 1095 2359 ι
1115 2315 1132 2356 ι(
1159 2297 1207 2358 lte
1235 2307 1268 2358 et
1289 2292 1429 2360 forsitan
1446 2294 1497 2359 ali-

384 2399 473 2488 quod
490 2396 649 2463 victuriae
670 2397 853 2488 auspicium
869 2389 911 2463 ab
928 2397 1010 2463 aede
1027 2409 1141 2462 sancta
1160 2395 1348 2486 suscipitcs.
1372 2423 1390 2460 u
1409 2401 1499 2464 Tunc

384 2500 470 2565 datis
491 2491 704 2579 muneribus,
733 2500 825 2590 quod
848 2500 923 2565 loco
947 2512 1062 2565 sancto
1088 2495 1303 2578 exhiberent,
1328 2491 1405 2564 ait:
1430 2525 1447 2563 ιι
1464 2498 1498 2565 Si
1511 2523 1534 2562 ιι

265 2645 269 2652 .
384 2616 432 2684 tu,
455 2602 609 2681 Domine,
627 2602 759 2682 adiutor
786 2596 870 2667 mihi
895 2597 995 2668 eset
1018 2615 1153 2694 gentem
1175 2604 1261 2668 hanc
1295 2602 1499 2668 incredulam

386 2725 583 2795 semperque
608 2704 769 2770 aemulam
790 2703 854 2768 tibi
873 2707 956 2769 meis
979 2704 1135 2768 manibus
1147 2703 1280 2769 tradere
1304 2701 1497 2788 decrevisti,

384 2808 419 2872 in
439 2809 593 2897 ingressu
608 2803 751 2885 ¹,basileci
773 2804 879 2870 sancti
901 2803 1038 2872 Martini
1060 2805 1200 2896 dignare
1220 2805 1392 2895 propicius
1410 2830 1500 2872 reve·

385 2910 471 2991 lare,
490 2922 527 2974 ut
546 2927 768 2998 cognoscam,
780 2907 857 2997 quia
876 2908 1049 2997 propicius
1068 2907 1263 2998 dignaberis
1282 2931 1355 2974 esse
1379 2903 1500 2974 famulo

385 3025 455 3078 tuo.
482 3009 720 3077 alterantibus
745 3022 854 3075 autem
880 3009 995 3100 pueris
1016 3023 1049 3076 et
1072 3011 1113 3076 ad
1132 3010 1242 3076 locum
1263 3011 1500 3076 accedentibus
1513 3037 1536 3075 n

385 3113 672 3202 iuxtalimperium
693 3112 799 3203 regis,
826 3113 905 3178 dum
930 3126 1077 3178 sanctam
1102 3113 1361 3205 ingrederentur
1380 3109 1502 3180 basile·

388 3242 476 3298 cam,
499 3219 586 3281 hanc
611 3216 799 3281 antelanam
826 3241 866 3281 ex
891 3214 1064 3306 inprovisu
1091 3215 1312 3305 primicirius,
1333 3215 1393 3305 qui
1414 3219 1501 3298 erat,

269 3344 323 3393 001,
337 3346 375 3392 93,
387 3319 537 3414 inposuit
551 3346 556 3383 :
568 3321 816 3414 ,Praestiterint
838 3343 905 3400 me,
925 3317 938 3410 l}
963 3322 1112 3401 Domine,
1132 3324 1281 3383 virtutem
1302 3323 1348 3383 od
1363 3321 1501 3404 bellum,

386 3423 608 3512 subplantesti
619 3427 824 3511 insurgentes
839 3427 872 3486 in
885 3447 935 3486 me
948 3423 1065 3502 ,subtus
1083 3445 1132 3486 me
1147 3434 1177 3484 et
1194 3425 1399 3505 inimieorum
1420 3436 1504 3488 meo-

384 3537 460 3590 'rum
471 3523 588 3588 dedisti
601 3525 682 3588 mitt
692 3527 827 3588 dorsum
841 3537 871 3588 et
888 3525 1031 3590 odientes
1047 3547 1096 3588 me
1111 3523 1340 3614 disperdedistc'
1351 3527 1374 3589 ².
1404 3527 1504 3610 Quod
1517 3551 1540 3589 ιι

386 3625 601 3717 psallentium
621 3626 794 3692 audientes
811 3626 955 3691 Domino
970 3625 1094 3717 gratias
1109 3639 1246 3716 agentes
1263 3639 1296 3691 et
1314 3640 1391 3692 voto
1406 3628 1505 3695 beato

388 3729 579 3794 confessore
594 3728 841 3817 promittentes,
862 3728 940 3793 lacti
960 3727 1202 3794 nunciaverunt
1221 3725 1304 3819 regi.
1325 3732 1431 3795 Porro
1448 3730 1506 3796 ille

382 3855 462 3897 cum
496 3831 537 3895 ad
567 3829 701 3896 fluvium
730 3830 935 3899 Vinccnnam
960 3853 1033 3896 curn
1060 3829 1208 3895 exercitu
1238 3831 1446 3913 advenisset,
1471 3834 1506 3898 in

388 3959 454 4024 quo
475 3935 550 3999 loco
574 3957 649 3999 eum
673 3932 816 4000 transire
838 3935 990 4014 deberet,
1018 3932 1172 4023 paenitus
1197 3935 1385 4023 ignorabat.
1416 3937 1505 4001 Iutu-

388 4049 515 4104 mnerat
534 4036 681 4103 animab
701 4036 920 4102 inundatione
938 4035 1135 4125 pluviarum.
1161 4035 1309 4126 Cumque
1330 4035 1388 4100 illa
1404 4049 1506 4102 nocte
1519 4064 1542 4103 ιι

388 4139 567 4205 Dominum
600 4139 810 4230 dipraecatus
845 4139 974 4218 fuisset,
1009 4151 1045 4203 ut
1073 4139 1103 4201 ei
1129 4139 1249 4204 vadum
1272 4163 1338 4228 quo
1361 4140 1505 4205 transire

1291 4273 1506 4290 m

418 4345 441 4394 1.
460 4347 531 4395 Corr.
544 4344 685 4396 adiutoriu.
697 4369 727 4382 —
739 4346 761 4393 2.
780 4346 823 4394 Ps.
837 4347 875 4406 17,
886 4347 970 4394 tao-41.
1066 4307 1069 4312 ·
