3256 5144
384 415 428 461 284
668 411 825 461 caucorul
843 411 1050 462 TURONIINSIS
1068 411 1217 462 EPISCOI’I

384 531 426 596 de
446 529 527 598 fisco
557 555 616 596 suo
644 554 701 595 rex
721 530 800 595 dare
823 529 1005 619 praecipit,
1031 529 1095 594 nisi
1122 531 1232 595 omnia
1254 532 1297 596 de
1316 553 1499 621 pauperum

385 631 597 701 coniecturis.
621 633 687 697 Sed
705 634 861 722 quoniam
880 631 1026 719 suspicio
1047 645 1116 698 erat
1145 632 1233 724 regi,
1258 659 1300 698 ne
1322 634 1424 698 frater
1445 646 1500 698 aut

385 761 490 825 nepus
515 735 642 825 aliquas
661 735 801 800 insidias
816 735 946 824 puellae
963 735 997 800 in
1013 737 1063 800 via
1087 749 1260 824 pararent,
1288 737 1441 801 vallatam
1458 738 1499 800 ab

385 837 533 904 exercitu
554 863 695 928 pergere
712 840 820 903 iussit.
845 841 947 903 Erant
967 849 1076 903 autern
1096 863 1170 904 cum
1191 863 1229 904 ea
1246 841 1308 904 viri
1332 838 1499 929 magnifici

386 942 479 1006 Bobo
494 940 577 1020 dux,
594 939 694 1024 {filius
713 939 946 1020 Mummoleni,
973 964 1047 1005 cum
1067 965 1188 1021 uxore,
1209 943 1305 1030 quasi
1325 965 1528 1030 paranyms

385 1044 485 1132 phus,
501 1041 725 1133 Domigiselus
743 1055 776 1107 et
793 1041 998 1122 Ansoaldus3
1021 1041 1126 1108 maior
1143 1043 1261 1107 domus
1280 1043 1425 1126 Waddo,
1446 1045 1502 1132 qui

385 1145 464 1210 olim
484 1147 721 1212 Sanctonicum
738 1158 867 1210 rexerat
880 1145 1090 1226 comitatum'3
1107 1145 1272 1235 reliquum
1287 1168 1365 1211 vero
1384 1145 1502 1236 vulgus

386 1273 486 1338 super
506 1261 664 1337 quattuor
680 1247 771 1313 milia
787 1261 867 1312 erat.
893 1248 1004 1314 Ceteri
1021 1261 1130 1313 autem
1140 1248 1242 1313 duces
1263 1260 1296 1313 et
1311 1247 1500 1327 camerarii,

385 1350 441 1441 qui
465 1374 600 1416 cumea
624 1363 903 1439 properaverant,
925 1349 966 1415 de
987 1354 1128 1417 Pectavo
1156 1349 1300 1440 regressi
1326 1363 1403 1414 sunt
1411 1378 1419 1429 ;
1447 1351 1501 1414 isti

384 1478 462 1518 vero
487 1452 551 1518 iter
581 1452 813 1532 conficientes,
843 1455 1030 1544 pergebant
1052 1466 1088 1518 ut
1115 1463 1281 1542 poterant.
1309 1455 1373 1517 Per
1404 1475 1541 1541 quamn

384 1557 469 1622 viam
497 1568 622 1621 tantam
653 1556 793 1645 spolium
819 1569 1030 1646 tantamquae
1052 1556 1210 1646 praedam
1236 1553 1313 1620 faeti
1342 1567 1437 1636 sunt,
1468 1568 1505 1620 ut

384 1659 438 1724 vix
451 1659 582 1725 valeant
593 1683 758 1724 enarrare.
777 1663 859 1726 Nam
875 1659 1064 1748 hospiciola
1077 1682 1259 1748 pauperum
1276 1657 1501 1746 expoliabaut,

384 1762 497 1826 vineas
515 1762 744 1842 devastabant,
765 1764 811 1827 ita
819 1774 856 1827 ut
867 1762 983 1828 incisis
1001 1761 1169 1827 coditibus
1181 1762 1311 1826 cunctis
1321 1760 1501 1838 auferrent,
1558 1827 1561 1836 ,

384 1863 531 1929 levantes
549 1888 670 1953 pecora
687 1865 738 1930 vel
764 1864 925 1954 quicquid
948 1864 1098 1930 invenire
1114 1863 1322 1954 potuissent,
1342 1863 1427 1928 nihil
1445 1889 1505 1954 per

384 1966 468 2030 viam
493 1991 558 2055 qua
587 1966 827 2057 gradiebantur
855 1968 1099 2056 relinquentes3
1130 1965 1302 2055 impletum
1330 1978 1381 2029 est
1413 1966 1504 2054 quod
1520 1990 1544 2028 15

385 2067 511 2133 dictum
534 2081 584 2134 est
604 2094 664 2158 per
682 2068 775 2134 Iohel
801 2069 966 2157 propheta
986 2093 992 2131 ε
1012 2069 1190 2132 Bariduum
1209 2067 1352 2132 locustae
1369 2067 1506 2130 comedit

252 2194 307 2242 Col.
319 2196 373 2242 324.
385 2196 498 2260 araga,
514 2185 545 2236 et
558 2172 725 2236 residuum
736 2195 856 2235 erucae
865 2171 1002 2235 comedit
1014 2171 1157 2235 bruchus
1171 2185 1220 2250 ,ct
1230 2170 1397 2236 residuum
1415 2170 1508 2234 bruci

384 2274 521 2338 eomedit
538 2275 653 2362 rubigo
665 2273 687 2337 ¹.
708 2276 756 2338 Ita
776 2286 809 2338 et
823 2274 888 2337 hoc
906 2285 1015 2338 actum
1033 2271 1269 2364 esttemsspore,
1282 2283 1319 2335 ut
1336 2270 1509 2336 residuum

385 2375 721 2464 proinaeprctereret
740 2389 933 2466 tempestas,
954 2387 987 2440 et
1007 2375 1177 2440 residuum
1198 2374 1407 2462 tempestatis
1425 2397 1504 2439 exu·
1602 2400 1603 2460 ;

384 2480 466 2544 riret
485 2477 630 2560 siccitas3
648 2491 681 2544 et
698 2480 866 2545 residuum
882 2477 1042 2544 siccitatis
1060 2477 1203 2542 auferret
1220 2476 1397 2542 hostilitas.
1521 2502 1546 2540 ao
1602 2463 1603 2521 l

430 2664 566 2728 XXXIII
592 2659 668 2748 (46).
692 2659 750 2723 His
771 2657 882 2747 itaque
912 2682 986 2722 cum
1012 2661 1094 2724 haec
1122 2658 1245 2746 praeda
1265 2659 1504 2749 pergentibus,

384 2764 614 2852 Chilpericus,
640 2765 728 2829 Nero
753 2761 858 2826 nostri
882 2761 1042 2851 temporis
1071 2776 1104 2828 et
1133 2761 1292 2848 Herodis,
1320 2761 1360 2826 ad
1393 2761 1506 2826 villam

385 2867 570 2947 Calensem,
591 2889 675 2955 quae
699 2864 801 2929 distat
822 2866 863 2928 ab
888 2866 970 2930 urbe
990 2865 1155 2931 Parisiaca
1176 2864 1269 2954 quasi
1292 2878 1425 2931 centum
1443 2880 1505 2932 sta·

384 2969 470 3048 diis,
486 2969 633 3046 accedit3
658 2966 772 3056 ibique
791 2968 984 3032 venationes
1005 2969 1140 3033 exercit.
1173 2967 1322 3052 Quadam
1347 2992 1426 3033 vero
1449 2969 1505 3033 die

385 3096 556 3163 regressus
577 3071 618 3134 de
633 3070 808 3134 venatione
823 3069 887 3134 lam
906 3071 1111 3135 subobscura
1135 3082 1251 3149 nocte,
1273 3070 1352 3134 dum
1378 3094 1395 3134 a
1418 3095 1503 3159 equo
1518 3096 1545 3133 25

385 3172 611 3262 susciperetur
620 3184 659 3258 ¹et
682 3193 747 3236 una
767 3194 864 3235 manu
883 3195 983 3259 super
1005 3172 1174 3260 scapulam
1195 3170 1290 3262 pueri
1312 3184 1500 3252 reteneret,

386 3274 565 3339 adveniens
592 3273 726 3363 quidam
747 3297 821 3338 eum
841 3274 948 3338 cultro
973 3276 1118 3363 percutit
1141 3277 1202 3341 sub
1223 3273 1378 3339 ascellam
1402 3273 1504 3339 itera·

384 3390 486 3467 tuque
517 3376 585 3443 ictu
616 3388 764 3441 ventrem
796 3375 866 3441 eius
901 3377 1064 3465 perforat;
1100 3377 1278 3467 statimque
1316 3375 1504 3465 profluente
1600 3379 1601 3437 I

385 3481 481 3567 copia
497 3478 668 3568 sauguinis
689 3491 755 3544 tam
772 3504 832 3567 per
848 3503 883 3542 cs
908 3503 1006 3568 quarn
1027 3504 1088 3567 per
1106 3479 1230 3544 aditum
1256 3477 1422 3556 vulneris,
1443 3477 1503 3543 ini-

386 3607 487 3670 quum
504 3579 589 3646 fudit
604 3579 768 3668 spiritum.
788 3584 893 3665 Quam
910 3605 987 3646 vero
1003 3581 1160 3646 malitiam
1177 3579 1332 3672 gesserit,
1351 3578 1505 3668 superior
1518 3606 1545 3645 ac

386 3685 485 3750 lectio
522 3684 630 3749 docet.
667 3685 749 3749 Nam
779 3682 932 3773 regiones
965 3683 1125 3772 plurimas
1158 3683 1291 3772 saepius
1321 3683 1504 3748 devastavit
1599 3703 1600 3745 ς

388 3798 487 3875 atque
505 3784 697 3863 succendit;
722 3784 763 3849 de
786 3786 906 3873 quibus
921 3783 1003 3850 nihil
1025 3784 1150 3850 doloris
1172 3785 1231 3850 sed
1251 3783 1376 3849 laetitia
1397 3785 1504 3876 magis

233 3916 287 3964 For.
301 3891 549 3969 oephabebat,
576 3889 661 3953 sicut
678 3887 845 3977 quondam
865 3889 970 3967 Ner0,
989 3886 1002 3979 Η
1021 3912 1095 3953 cum
1111 3889 1199 3952 inter
1218 3887 1372 3953 incendia
1388 3886 1505 3976 palatii
1599 3880 1600 3894 ¹

387 3991 563 4082 tragoedas
607 3990 809 4056 decantaret.
857 3991 963 4078 Saepe
1000 3989 1153 4054 homines
1188 4014 1249 4079 pro
1291 3987 1504 4054 facultatibus

388 4116 501 4160 eorum
516 4091 638 4158 iniuste
653 4089 792 4179 punivit.
810 4092 846 4155 In
865 4090 957 4156 cuius
975 4104 1124 4181 tempore
1144 4091 1242 4181 pauci
1257 4091 1503 4181 quodammodo
1519 4119 1545 4157 as

419 4301 440 4348 1.
459 4300 512 4350 Ioel
525 4299 551 4359 t,
565 4301 587 4347 l.
