3226 5156
336 497 367 542 86
622 490 780 541 annuunt]
794 491 1002 542 TURONENSIS
1019 489 1171 542 EPISCOPI

337 603 558 697 suis,'dieei1s
582 635 588 672 :
614 634 631 672 a
653 611 786 674 Stemus
808 609 911 675 fortes
932 623 965 674 et
982 634 1088 699 usque
1106 611 1147 676 ad
1168 624 1308 676 m'nrtem
1327 610 1454 701 pariter

337 710 541 780 demicemus
560 723 594 777 et
614 734 682 776 non
704 711 884 777 subdamur
901 712 1058 778 inimicis.
1080 740 1096 776 u
1119 717 1269 804 Cumque
1287 715 1452 779 exercitus

334 841 353 882 a
376 812 518 882 circuitu
536 814 691 879 incontra
710 811 814 878 iacula
830 817 1073 880 transmitteret
1092 841 1155 882 nec
1171 815 1297 906 aliquid
1314 839 1452 906 praeva-

333 920 430 998 leret,
453 915 690 982 nuntiaverunt
707 917 789 982 haec
808 916 890 1008 regi.
904 916 948 982 At
967 917 1023 984 ille
1039 919 1131 984 misit
1150 918 1316 1009 quendam
1328 919 1369 984 de
1381 920 1450 984 suis

252 1041 255 1047 ’
333 1019 552 1112 Arcgyselum
572 1017 707 1084 nornine
732 1019 881 1108 dixitque
906 1019 936 1084 ei
960 1046 966 1084 ε
993 1048 1010 1084 «
1037 1020 1158 1102 Vides,
1192 1022 1330 1112 inquid,
1361 1023 1452 1112 quod
1480 1049 1492 1086 s

332 1121 521 1214 praevaleat
545 1122 601 1186 hic
622 1120 771 1210 perfidus
795 1121 830 1185 iu
850 1123 1059 1188 contumacia
1081 1148 1156 1204 sua;
1180 1125 1263 1190 vade
1291 1137 1324 1190 et
1348 1125 1452 1190 redde

332 1226 362 1292 ei
381 1236 640 1303 sacramentum,
655 1234 693 1288 ut
710 1245 846 1287 securus
864 1224 1066 1314 egrediatur.
1081 1228 1164 1292 Cum
1175 1238 1285 1292 autem
1295 1251 1451 1317 egressus

331 1326 447 1408 fucrit,
464 1325 616 1392 interfice
632 1349 707 1390 eum
723 1335 756 1389 et
767 1324 842 1390 dele
855 1326 1048 1392 memoriam
1057 1328 1128 1394 eius
1138 1354 1156 1393 a
1168 1353 1273 1420 regno
1284 1341 1411 1395 nostro.
1432 1356 1449 1392 n

304 1441 306 1445 '
332 1429 397 1514 Qui
410 1428 566 1508 habiens,
583 1425 664 1494 fecit
678 1425 768 1492 iuxta
787 1427 878 1517 quod
893 1428 922 1493 ei
938 1444 1154 1520 praeceptum
1168 1433 1287 1498 fuerat.
1304 1431 1452 1498 Dederat

331 1545 441 1598 tamen
461 1531 555 1620 prius
580 1531 711 1619 signum
731 1531 873 1620 populo,
901 1531 1044 1598 dicens:
1069 1559 1086 1597 a
1111 1536 1193 1600 Cum
1223 1559 1285 1626 ego
1310 1536 1392 1599 haec
1417 1547 1450 1600 et
1466 1561 1491 1599 m

329 1636 412 1700 baec
442 1633 574 1698 locutus
606 1632 713 1713 suero,
752 1631 863 1698 statim
897 1634 1071 1701 inruentes
1099 1635 1281 1702 interficite
1311 1661 1398 1702 cum.
1431 1661 1448 1700 u

330 1739 505 1828 Ingressus
526 1746 635 1799 autem
657 1732 871 1825 Aregyselus,
895 1735 942 1801 ait
964 1736 1162 1804 Munderico
1191 1764 1198 1802 :
1223 1764 1240 1801 a
1268 1742 1450 1828 Quousque

198 1849 251 1897 col.
266 1850 318 1898 118.
329 1840 385 1904 bic
397 1837 524 1903 recedis
539 1849 708 1925 tamquam
728 1861 813 1902 unus
827 1861 867 1902 ex
883 1837 1145 1928 insipientibus?
1160 1839 1329 1930 Numquid
1344 1840 1452 1932 pote-l}

175 1960 229 2012 rol.
242 1955 272 2002 36
284 1967 319 2005 νο.
331 1941 376 2006 ris
397 1939 454 2005 diu
469 1937 736 2030 regi‘resistere?
750 1937 764 2031 {1
781 1942 867 2005 Ecce
888 1940 1034 2006 ablatum
1058 1941 1121 2007 tibi
1147 1943 1283 2030 cybum!
1311 1945 1394 2008 Cum
1417 1957 1451 2009 te

330 2042 425 2108 famis
458 2042 697 2131 oppraesserit,
726 2042 814 2107 ultro
839 2041 1023 2133 egredieris
1049 2057 1084 2109 et
1105 2044 1249 2110 traderis
1274 2045 1310 2110 in
1334 2069 1451 2112 manus
1467 2075 1493 2113 ra

329 2144 542 2209 inimicorum
555 2154 589 2208 et
608 2141 761 2208 morieris
777 2143 872 2232 quasi
885 2168 971 2210 unus
994 2171 1034 2210 ex
1052 2148 1203 2213 canibus.
1228 2145 1316 2214 Audi
1338 2151 1450 2239 potius

332 2247 508 2314 consilium
524 2271 634 2312 meum
652 2259 685 2311 et
700 2247 806 2312 subde
818 2259 853 2336 te
867 2247 952 2339 regi,
970 2263 1007 2314 ut
1023 2249 1134 2316 vivere
1151 2251 1261 2340 possis
1282 2264 1318 2317 tu
1336 2266 1370 2318 et
1391 2254 1451 2320 filii

331 2351 391 2418 tui.
415 2353 541 2417 »Tunc
556 2349 613 2414 ille
632 2351 686 2414 his
706 2350 854 2417 mollitus
875 2353 1102 2435 sermonibus,
1124 2355 1186 2418 ait:
1205 2381 1222 2416 a
1236 2355 1272 2420 Si
1283 2354 1450 2444 egredior,

333 2454 605 2543 conpraehensus
633 2475 652 2516 a
679 2477 757 2542 rege
781 2453 965 2520 interficior
989 2468 1022 2520 et
1057 2479 1120 2546 ego
1148 2469 1182 2520 et
1209 2456 1269 2521 filii
1304 2457 1370 2522 mei
1401 2460 1453 2524 vel

333 2581 449 2624 omnes
467 2553 580 2638 amici,
598 2556 656 2643 qui
675 2579 805 2622 mecum
819 2569 897 2622 sunt
915 2557 1131 2648 adgregati.»
1150 2560 1210 2625 Cui
1230 2562 1452 2650 Haregyselus
1468 2590 1499 2627 20

334 2660 380 2726 ait
399 2683 406 2724 t
426 2656 536 2725 «Noli
554 2655 692 2738 timere,
711 2659 787 2740 sed,
811 2657 838 2723 si
849 2659 898 2724 vis
917 2661 1051 2751 egredi,
1074 2660 1189 2752 accipe
1210 2676 1455 2732 sacramentum

334 2763 375 2829 de
405 2763 467 2827 hac
490 2759 587 2849 culpa
617 2771 725 2825 etsta
752 2785 888 2827 securus
911 2786 1023 2827 coram
1052 2787 1142 2853 rege.
1164 2766 1213 2830 Ne
1236 2763 1374 2852 timeas,
1397 2767 1456 2832 sed

335 2864 401 2932 cris
426 2887 538 2929 coram
562 2887 614 2942 eo,
637 2861 724 2928 sicut
747 2863 840 2952 prius
866 2863 968 2930 fuisti.
999 2891 1016 2928 2>
1042 2864 1092 2931 Ad
1122 2867 1205 2931 haec
1240 2868 1456 2935 Mundericus

337 2965 511 3058 respondit
533 2990 540 3028 :
563 2964 735 3032 «Utinam
761 2990 897 3032 securus
916 2966 996 3048 sim,
1018 2967 1107 3057 quod
1129 2993 1196 3033 non
1217 2968 1418 3037 interficiar!
1438 2998 1455 3034 n

336 3075 430 3138 Tunc
447 3067 669 3159 AregyseluS,
691 3069 810 3156 positis
828 3094 929 3158 super
946 3067 1099 3135 altarium
1117 3083 1268 3136 sanctum
1287 3073 1454 3154 manibus,
1474 3103 1506 3142 es

337 3173 458 3239 iuravit
476 3169 519 3250 ei,
540 3182 578 3236 ut
595 3193 732 3235 securus
752 3172 979 3262 egrederetur.
1001 3174 1086 3237 Data
1102 3172 1206 3263 igitur
1230 3189 1456 3256 sacramenta,

338 3274 574 3366 egrediebatur
594 3271 811 3338 Mundericus
831 3274 987 3364 deporta
1013 3274 1160 3356 castelli,
1179 3288 1298 3341 tenens
1323 3301 1459 3344 manum

338 3375 529 3466 Aregyseli,
548 3374 691 3465 populus
710 3387 820 3440 autem
836 3378 1009 3464 spectabat
1025 3401 1042 3441 a
1062 3377 1161 3468 longe
1182 3379 1349 3467 aspiciens
1367 3404 1455 3445 eum.

340 3483 433 3548 Tunc
463 3503 524 3569 pro
554 3477 651 3568 signo
685 3479 730 3543 ait
763 3477 965 3569 Aregyselus
997 3506 1004 3544 ι
1039 3507 1056 3542 a
1087 3479 1176 3563 Quid
1209 3480 1364 3576 aspicitis
1389 3495 1458 3548 tam

338 3584 485 3662 intento,
516 3579 654 3670 populi?
675 3579 726 3646 An
755 3583 917 3670 numquid
945 3607 1013 3647 non
1038 3581 1170 3648 vidistis
1192 3582 1285 3672 prius
1313 3586 1459 3652 Munde-
1476 3615 1510 3654 ac

339 3683 465 3751 ricuml
485 3709 502 3745 u
520 3685 562 3748 Et
572 3682 683 3748 statim
693 3684 798 3750 inruit
812 3685 956 3774 populus
972 3683 1007 3750 in
1017 3711 1103 3751 eum.
1118 3685 1160 3751 At
1172 3685 1230 3750 ille
1240 3687 1456 3779 intellegens,

338 3789 412 3853 ait:
435 3813 452 3849 a
475 3783 732 3852 Evidentissime
755 3811 941 3878 cognuscu,
971 3789 1061 3878 quod
1086 3789 1204 3854 feceris
1227 3813 1288 3877 per
1302 3792 1459 3856 haever-

338 3893 417 3956 bum
447 3887 579 3978 signum
607 3888 741 3978 populis
767 3890 807 3954 ad
833 3915 885 3955 me
911 3889 1197 3975 interficiendum,
1230 3905 1460 3959 verumtamen

338 3992 414 4059 dico
430 3991 509 4071 tibi,
530 3991 588 4081 qui
614 3991 770 4081 periuriis
797 4017 848 4058 me
867 3993 1041 4085 decipisti,
1060 4007 1093 4060 te
1112 3997 1220 4060 vivum
1236 3996 1323 4060 ultra
1345 3995 1459 4063 nullus

338 4094 488 4185 aspiciet.
509 4119 526 4156 »
549 4095 591 4159 Et
605 4094 725 4160 emissa
742 4096 859 4161 lancea
879 4097 914 4160 in
934 4098 1079 4186 scapulis
1093 4099 1181 4177 eius,
1204 4098 1352 4187 perfodit
1367 4123 1457 4182 eum,
1477 4130 1511 4170 ³5

338 4197 546 4288 caeciditque
567 4209 600 4264 et
618 4209 767 4264 mortuus
787 4211 847 4264 est.
874 4201 1160 4291 Euaginatumque
1180 4199 1342 4289 deinceps
1358 4202 1459 4268 Mun-

337 4300 470 4367 dericus
485 4301 646 4392 gladium,
666 4325 740 4366 cum
761 4301 829 4366 suis
845 4326 998 4394 magnam
1026 4316 1171 4395 stragem
1193 4303 1235 4368 de
1254 4303 1379 4392 populo
1398 4305 1460 4372 illo

337 4401 432 4483 lecit,
455 4415 488 4468 et
513 4427 687 4493 usquequo
712 4402 831 4493 spiritu
858 4403 1017 4486 exalavit,
1045 4427 1290 4496 quemcumque
1318 4405 1460 4496 adsequi
