3256 5144
408 442 573 490 ttts'rotttrt
591 441 791 490 l’ltitivcossrlr
809 441 905 488 truita
926 442 964 487 Vl.
1217 447 1261 490 2⁰5

135 557 175 620 ad
194 581 270 620 eum
285 557 428 622 adducta
445 571 505 622 est.
529 562 635 641 Quam
656 582 730 622 cum
745 553 837 622 tactu
858 581 953 622 sacro
970 558 1144 622 benedixit
1161 573 1260 648 atque

134 658 207 722 oleo
227 669 342 723 sancto
359 683 491 724 crucem
511 659 544 722 in
564 661 674 724 fronte
693 659 764 723 eins
787 659 1014 748 inposuisset,
1046 659 1164 726 eiectis
1186 661 1260 725 dae-

134 761 308 840 monibus,
332 773 472 851 purgata
494 760 662 826 discessit.
687 761 754 826 Sed
777 773 811 825 et
833 760 928 824 aliam
955 762 1113 849 puellam,
1134 764 1175 826 ab
1196 762 1260 850 spi-

134 859 197 924 ritu
226 863 388 926 inmundo
409 875 577 936 vexatam,
599 862 848 926 benedictione
874 862 1012 926 sanavit.
1044 865 1126 927 Cum
1152 877 1260 928 autem

110 962 203 1027 siam
224 963 296 1030 dies
314 963 426 1028 obitus
442 963 513 1028 eius
533 965 837 1054 adpropinquaret,
858 964 987 1028 vocavit
1008 965 1049 1028 ad
1066 989 1100 1028 se
1119 989 1260 1053 praepo-

136 1065 235 1129 situm
254 1065 460 1144 monasterii,
477 1066 593 1130 dicens
610 1092 617 1128 ε
636 1093 653 1128 c
667 1067 797 1130 Exhibe
811 1067 1048 1130 ferramentum
1064 1077 1096 1129 et
1107 1065 1260 1154 inrumpe

136 1166 298 1255 parietem
315 1180 349 1231 et
361 1169 455 1232 mitte
474 1168 610 1232 nuntios
632 1168 672 1231 ad
693 1166 889 1255 episcopum
906 1166 1070 1246 civitatiS,
1095 1179 1131 1231 ut
1151 1167 1262 1232 veniat

136 1269 175 1333 ad
193 1293 244 1332 me
264 1268 507 1356 sepeliendum.
525 1269 587 1334 Die
600 1271 689 1333 enirn
705 1268 806 1333 tertio
824 1270 945 1332 abhoc
964 1269 1120 1357 egredior
1133 1270 1259 1336 mundo

136 1383 168 1433 et
182 1370 266 1434 vado
285 1369 319 1434 in
339 1370 489 1459 requiem
510 1369 724 1448 destinatam,
743 1393 840 1458 quam
860 1369 941 1433 mihi
967 1369 1131 1434 Dominus
1147 1395 1259 1460 repro-
1308 1390 1311 1395 ’

97 1495 121 1532 ro
137 1470 237 1537 misit.
275 1498 292 1532 »
312 1462 399 1536 Haec
420 1497 460 1536 eo
482 1470 635 1549 dicente,
660 1469 751 1535 misit
774 1469 986 1560 praepositus
1005 1471 1198 1536 monasterii
1218 1471 1256 1536 ad

136 1572 332 1661 episcopum
348 1572 490 1637 civitatis
509 1571 684 1651 Nicensis,
705 1571 762 1661 qui
785 1573 867 1636 haec
886 1573 917 1635 ei
940 1571 1157 1662 nuntianrent.
1179 1575 1259 1637 Post
1271 1596 1325 1642 col.
1342 1597 1394 1641 rer,

135 1675 217 1738 baec
237 1677 401 1740 Crescens
425 1675 560 1763 quidam
580 1674 671 1739 venit
697 1675 737 1738 ad
763 1675 959 1751 fenestram,
987 1686 1020 1738 et
1038 1673 1157 1746 videns
1185 1698 1259 1738 eum

135 1777 261 1840 catenis
279 1778 446 1854 vinctum,
464 1774 632 1840 vermibus
658 1775 812 1863 plenum,
838 1773 911 1838 ait:
946 1801 960 1836 e
988 1778 1015 1839 Ο
1041 1774 1176 1839 domine
1193 1774 1254 1855 mi,

135 1877 278 1964 qualiter
294 1889 360 1942 tam
378 1877 485 1941 valide
504 1890 669 1942 tormenta
685 1877 828 1942 tolerare
843 1878 963 1964 potes?
984 1903 1001 1937 »
1026 1874 1086 1940 Cui
1111 1875 1167 1940 ille
1186 1876 1231 1941 ait
1250 1904 1256 1939 :

96 1980 353 2043 erconberct
379 2003 430 2043 me
456 1978 513 2042 ille
534 2004 595 2066 pro
619 1978 714 2043 cuius
743 1980 879 2042 nomine
907 1979 999 2041 haee.
1019 1977 1138 2066 patior.
1176 1977 1259 2042 Dico

137 2094 246 2146 autem
263 2080 341 2160 tibi,
370 2080 446 2169 quia
474 2080 538 2146 ianr
561 2081 717 2145 absolvor
743 2081 783 2144 ab
811 2079 863 2143 his
890 2079 1033 2144 vinculis
1060 2092 1092 2142 ot
1118 2081 1202 2144 vade
1225 2079 1257 2144 iu

137 2181 285 2270 requiem
307 2205 424 2245 meam.
455 2209 471 2242 »
502 2181 710 2246 Adveniente
733 2193 842 2245 autem
872 2181 926 2244 die
952 2179 1070 2259 tertie,
1103 2179 1260 2269 deposuit

137 2295 283 2361 catenas,
302 2281 424 2371 quibus
443 2284 575 2346 vinctus
593 2295 681 2362 erat,
699 2281 880 2372 prostravit
899 2307 934 2345 se
955 2280 989 2345 iu
1005 2280 1206 2359 orationem;
1227 2294 1261 2344 et

136 2407 210 2448 cum
228 2381 419 2448 diutissime
449 2408 524 2448 cum
550 2382 696 2447 lacrimis
721 2395 866 2458 orasset,
894 2379 1062 2448 collocans
1092 2407 1126 2446 sc
1158 2406 1260 2470 super

91 2511 119 2550 eo
135 2507 318 2564 scamnum,
339 2484 486 2548 extensis
500 2483 643 2571 pedibus
662 2483 866 2571 elevatisque
882 2484 922 2547 ad
941 2483 1068 2547 eaelum
1090 2483 1256 2562 manibus,

133 2584 258 2675 gratias
275 2609 377 2674 agens
396 2588 487 2662 Deo,
502 2585 650 2649 tradidit
668 2584 832 2672 spiritum.
859 2588 900 2648 Et
918 2584 1029 2648 statim
1050 2609 1166 2649 omnes
1184 2610 1258 2649 ver-

136 2711 204 2750 mes
216 2685 277 2766 illi,
295 2685 352 2775 qui
370 2699 504 2750 sanctos
525 2699 614 2750 artos
635 2687 863 2775 perforabant,
884 2698 1101 2750 evanuerunt.
1123 2685 1135 2775 ll
1152 2685 1323 2750 iiiive-1³01.
1339 2705 1377 2748 st.

134 2787 230 2854 niens
249 2801 357 2854 autem
375 2788 556 2853 Austadius
578 2791 770 2877 episcopus,
790 2790 923 2852 beatum
944 2811 1065 2876 corpus
1084 2787 1257 2852 studiosis-

134 2890 236 2956 simae
271 2891 460 2980 sepulturae
492 2889 670 2954 mandavit.
712 2893 799 2954 llaec
842 2889 952 2954 omnia
983 2890 1023 2953 ab
1064 2888 1169 2978 ipsius
1200 2914 1256 2952 ore

91 3021 117 3055 ·.».·»
134 2991 287 3084 cognovi,
311 3017 409 3080 quem
431 2993 584 3080 superius
606 3005 731 3056 mutum
761 3003 794 3054 et
817 2991 955 3054 surdum
978 2991 1018 3054 ab
1044 3015 1083 3054 co
1105 3003 1256 3056 sanatum

135 3092 284 3182 exposui.
305 3093 369 3176 Qui
391 3093 493 3157 multa
510 3093 591 3156 mihi
610 3105 644 3156 et
662 3092 724 3157 alia
744 3092 785 3155 de
806 3091 877 3155 eius
895 3091 1074 3156 virtutibus
1093 3091 1254 3168 narravit,

135 3194 194 3260 scd
209 3194 383 3282 prohibuit
403 3217 453 3256 me
473 3219 525 3256 res
553 3194 608 3256 illa
630 3194 741 3280 loqui,
770 3191 844 3280 quia
865 3191 974 3256 audivi
1000 3191 1099 3256 vitam
1118 3193 1223 3279 ipsius
1240 3193 1255 3255 a
1275 3235 1280 3242 -

135 3294 247 3358 multis
263 3294 364 3359 luisse
383 3294 618 3359 conscribtam.

166 3489 187 3534 7.
204 3486 241 3535 Eo
253 3494 370 3550 tempore
384 3488 520 3534 Ferreolus
536 3487 673 3536 Ucccensis
686 3488 774 3550 episeo
796 3504 834 3542 us,
846 3503 956 3550 magnae
968 3485 1007 3534 vir
1016 3487 1172 3544 sanctitatis,
1181 3488 1254 3542 obiit,

90 3567 116 3601 :rc
132 3549 225 3612 plenus
243 3549 372 3613 sapientia
388 3555 413 3596 et
430 3549 576 3605 intellectu;
594 3549 637 3612 qui
654 3549 737 3597 libros
755 3504 857 3611 aliquos
876 3549 1062 3610 epistolarum,
1083 3549 1159 3612 quasi
1179 3549 1255 3597 Sido-

132 3611 204 3658 nium
222 3617 336 3666 secutus,
349 3611 496 3673 conposuit.
511 3610 659 3658 Posterius
677 3611 776 3658 obitum
796 3610 906 3658 Albinus
919 3612 1097 3672 expraefecto
1112 3627 1160 3673 per
1177 3611 1256 3670 Dina-

133 3673 213 3720 mium
227 3681 354 3720 rectorem
365 3673 517 3720 Provinciae
526 3679 599 3719 extra
611 3673 682 3734 regis
695 3673 834 3719 consilium
846 3672 961 3735 suscepit
974 3672 1155 3735 episcopatum
1162 3689 1167 3729 ;
1181 3689 1255 3735 quem

132 3751 183 3781 non
196 3734 310 3798 amplius
325 3751 403 3797 quam
419 3734 504 3782 tribus
518 3740 593 3782 utens
610 3734 758 3790 mensibus,
774 3750 833 3781 cum
850 3734 883 3781 ad
902 3735 950 3781 hoc
967 3749 1048 3782 causa
1060 3735 1215 3790 restitisset,
1229 3743 1257 3782 ut

133 3803 318 3851 removeretur,
333 3796 470 3844 defunctus
483 3802 530 3843 est.
545 3796 651 3843 lovinus
670 3796 778 3851 iterum,
792 3797 836 3859 qui
855 3797 987 3859 quondam
1004 3797 1156 3844 Provinciae
1173 3804 1257 3844 rector

90 3876 116 3910 ;ι.·,
133 3859 229 3913 lueret,
251 3858 354 3966 regium
380 3859 412 3905 de
434 3858 617 3922 episcopatum
639 3864 811 3930 pracceptum
833 3858 935 3921 accipit.
960 3857 1010 3906 Sed
1034 3859 1170 3920 praevenit
1197 3875 1256 3906 eum

301 3937 307 3966 i

131 3919 270 3968 Marcellus
311 3935 416 3977 aconus,
426 3920 519 3968 Felicis
532 3927 659 3968 senatoris
670 3919 750 3967 lilius.
764 3919 822 3976 Qui,
830 3920 978 3967 convocatis
989 3919 1254 3982 conprovincialibus,

132 3981 326 4044 perconsilium
339 3981 451 4030 Dinamii
465 3983 604 4045 episcopus
616 3985 626 4043 ΙΙ
638 3981 773 4030 ordinatus
785 3987 831 4029 est.
847 3981 897 4030 Sed
908 3982 1000 4044 etipse
1013 3981 1038 4028 vi
1070 3982 1171 4030 uisatus
1181 3982 1256 4029 dein·
1268 3980 1322 4027 Col.
1335 3984 1386 4029 282³.

131 4057 193 4106 ceps
204 4059 219 4090 a
231 4043 329 4100 Iovino,
342 4050 371 4092 ut
382 4051 568 4098 removeretur,
582 4043 721 4092 conclusus
731 4044 758 4092 iu
769 4043 882 4102 civitate,
897 4044 993 4092 virtute
1002 4059 1029 4088 se
1060 4045 1178 4091 eteusare
1188 4045 1254 4090 nite-

131 4105 221 4162 batur;
236 4106 281 4154 sed
294 4121 354 4154 eum
367 4122 417 4154 non
430 4106 537 4156 voleret.
553 4106 704 4154 muneribus
717 4106 788 4154 vicit.

91 4261 115 4297 to
161 4249 184 4295 8.
203 4247 274 4296 Obiit
286 4254 311 4296 et
329 4247 472 4295 Ebarchius
489 4247 623 4294 reclausus
641 4247 845 4302 Ecclesinensis,
861 4247 901 4293 vir
918 4243 1072 4308 magnificae
1093 4239 1253 4294 sanctitatis.

132 4322 177 4370 per
190 4325 266 4371 (piem
279 4309 347 4356 Dens
359 4309 440 4356 multa
459 4309 593 4364 miracula,
608 4309 734 4363 ostendit,
749 4308 895 4370 dequibus,
911 4306 1008 4354 relictis
1019 4305 1151 4368 plurimis,
1171 4323 1255 4368 paura
