3226 5156
420 446 585 498 fllaroana
601 447 801 498 FRANCORUM
817 448 913 498 LIBER
930 449 972 499 tu.
1208 449 1253 498 139

136 566 287 646 ordiens,
319 578 435 634 contra
454 566 596 632 ¹fratrem
625 590 720 630 suum
739 565 974 655 ¹Chilpericum
1009 568 1057 631 ire
1091 565 1250 634 destinat.

136 670 232 754 Quod
242 670 381 734 audiens
398 668 622 758 Chilpericus,
636 668 676 733 ad
688 668 822 734 fratrem
834 694 929 734 suum
942 671 1254 736 Guntltchramnum

135 773 262 864 legatos
283 771 397 838 mittit.
415 771 478 856 Qui
495 771 666 837 coniuncti
680 771 806 861 pariter
821 772 937 838 foedus
955 772 1084 852 ineunt,
1097 771 1255 838 utnullus

135 875 268 941 fratrem
293 899 389 940 suum
411 874 521 964 perire
543 875 679 940 sineret:
712 875 778 940 Sed
808 899 881 940 cum
916 875 1104 966 sigibertus
1137 887 1255 964 gentes

103 977 206 1042 sillas
232 978 406 1042 adducens-
429 977 595 1057 venisset,
621 990 656 1042 et
674 977 885 1066 Chilpericus
912 978 1041 1042 deaalia
1065 990 1158 1067 parte
1181 1001 1255 1042 cum

135 1106 193 1147 suo
212 1079 360 1146 exercitu
374 1080 556 1160 resederet,
566 1104 635 1144 nee
652 1081 798 1144 haberet.
808 1079 1068 1170 rexssigixbertus
1083 1094 1183 1169 supet
1194 1080 1263 1150 fra.

134 1198 217 1250 trem
229 1208 324 1248 suum
336 1183 454 1264 iturus,
464 1184 520 1248 uhi
535 1187 722 1272 Sequanam
734 1181 867 1248 flurium
878 1197 1110 1263 transmearet,
1121 1183 1256 1248 fratrem

134 1311 230 1353 suum
248 1288 537 1352 Guntchramnum
556 1285 748 1352 mandatum
769 1285 889 1366 mittit,
910 1285 1026 1350 dicens
1050 1313 1056 1350 :
1079 1285 1185 1351 «Nisi
1204 1311 1255 1350 me

133 1389 415 1484 permiserisper
442 1402 532 1454 tuam
558 1401 682 1456 sortem
710 1391 799 1455 hunc
828 1386 962 1454 lluvium
987 1388 1150 1467 transire,
1180 1413 1256 1453 cum

93 1517 120 1556 ιιι
135 1491 227 1556 omni
241 1492 255 1582 [1
270 1491 417 1564 exercitu
437 1515 511 1556 meo
532 1515 633 1580 super
654 1502 687 1554 te
707 1515 856 1588 pergam.
881 1490 1013 1573 »Quod
1035 1490 1091 1554 ille
1113 1489 1321 1571 timeus,F01.
1335 1513 1409 1560 57v⁰2

133 1594 252 1660 foedus
268 1619 344 1659 cum
363 1617 402 1658 eo
419 1594 495 1659 iniit
512 1617 654 1686 eumque
671 1593 813 1658 transire
823 1593 986 1682 permisit.
1010 1593 1163 1683 Denique
1180 1618 1256 1658 seu·-

132 1697 222 1762 tiens
239 1697 470 1786 Chilpericus,
492 1696 582 1786 quod
602 1695 731 1762 scilieet
751 1698 1041 1775 GuntchramnuS‚
1062 1696 1180 1760 relicto
1198 1720 1254 1776 e0,

133 1799 176 1864 ad
198 1797 405 1889 Sigibertum
423 1798 610 1876 transisset,
626 1811 734 1864 castra
754 1798 855 1863 movit
867 1811 908 1864 -et
924 1823 1033 1888 usque
1050 1797 1255 1864 Avallocium

134 1900 415 1968 Carnotinensem
439 1901 547 1966 vicum
573 1900 803 1984 abiit.÷Quem
831 1901 1029 1991 Sygibertus
1063 1901 1253 1980 insecutus,

90 2031 118 2070 ιι
134 2028 290 2092 campum
304 2003 369 2069 sibi
386 2027 585 2092 praeparare
600 2002 709 2092 petiit.
732 2003 791 2068 llle
805 2027 884 2068 vero
901 2005 1042 2084 timens,
1062 2027 1119 2086 nc,
1139 2002 1259 2070 consi·

132 2106 180 2172 lio
202 2105 216 2196 ll
237 2119 384 2196 utroque
411 2108 559 2171 exercitu
570 2133 584 2186 ·,
614 2105 713 2170 etiam
747 2130 886 2196 regnum
921 2120 1321 2188 eorumzconruenetffiol.
1337 2128 1390 2176 193.

131 2234 251 2299 pacem
276 2209 374 2298 petiit
405 2209 622 2299 civitatesque
649 2211 747 2288 eius,
770 2229 853 2298 quas
882 2209 1137 2274 Theodolrartus
1171 2209 1255 2274 male

132 2328 338 2403 pervaserat,
359 2313 519 2392 reddidit,
542 2315 760 2404 depraecans,
782 2325 820 2378 ut
838 2312 931 2376 nullo
948 2336 1025 2377 casu
1041 2313 1257 2402 culparentur

134 2439 249 2480 earum
264 2415 489 2495 habitatores,
516 2439 599 2504 quos
620 2416 677 2480 ille
697 2414 820 2482 iniuste
840 2415 919 2504 igne
941 2415 1095 2504 ferreque
1115 2415 1271 2504 adprae-=

89 2543 230 2584 ·.cmens
260 2517 474 2608 adquisierat.
503 2519 603 2585 Vicus
626 2542 758 2607 quoque
786 2516 842 2606 qui
873 2515 961 2582 circa
990 2517 1136 2584 Parisius
1162 2531 1257 2583 erant

133 2621 275 2684 maxime
292 2633 371 2686 tunc
393 2619 525 2699 flamma
547 2619 775 2708 consumpsit3
800 2616 832 2684 et
855 2634 921 2684 tam
942 2621 1058 2685 domos
1084 2644 1181 2709 quam
1203 2645 1255 2684 res

135 2713 283 2830 reliquae
305 2725 345 2788 ab
363 2701 460 2790 hoste
476 2723 627 2838 direptae
641 2735 730 2803 sunt,
746 2735 783 2788 ut
795 2723 894 2788 etiam
910 2737 944 2788 et
958 2722 1080 2813 captivi
1096 2711 1255 2788 ducereri-

133 2825 200 2892 tur.
239 2827 437 2892 Obtestabat
462 2826 551 2892 enim
579 2851 654 2905 rex,
680 2851 721 2892 ne
751 2827 834 2892 haec
857 2827 993 2906 fierent3
1026 2827 1084 2892 sed
1111 2825 1255 2890 furorem

133 2927 302 3020 gentium,
332 2953 416 3020 quae
443 2929 485 2994 de
511 2917 670 3004 ultericre
694 2931 803 2994 Rheni
833 2931 938 2994 amnis
959 2941 1053 3018 parte
1077 2941 1254 3009 venerant,

89 3058 119 3096 aa
135 3055 293 3119 superare
315 3055 382 3096 non
402 3043 550 3130 poterat3
566 3007 638 3096 sed
658 3032 769 3095 omnia
792 3029 959 3120 patienter
982 3029 1126 3112 ferebat,
1148 3030 1256 3094 donec

135 3130 244 3196 redire
261 3130 368 3220 possit
386 3131 425 3196 ad
441 3121 594 3220 patriani.¹
612 3135 705 3226 Tunc
722 3157 763 3197 ex
778 3131 937 3222 gentibus
956 3130 1022 3195 illis
1044 3143 1122 3196 cont
1125 3156 1160 3195 ra
1181 3157 1256 3196 eum

134 3233 270 3322 quidam
287 3247 586 3328 murmoraverunt,
606 3259 692 3322 quur
712 3259 747 3299 se
763 3259 780 3298 a
801 3233 982 3300 certamine
999 3232 1253 3298 subtraxissent.

136 3336 204 3402 Sed
220 3335 297 3416 rlle
315 3349 351 3400 ut
372 3349 443 3400 erat
466 3315 672 3434 intrepidus,
694 3361 833 3401 ascenso
861 3360 967 3426 equo,
996 3335 1037 3399 ad
1059 3359 1115 3400 ees
1141 3331 1258 3426 dirigit

134 3461 260 3541 eosque
277 3387 388 3502 verbis
407 3438 541 3503 lenibus
560 3429 734 3520 demulsit,
757 3421 878 3504 multos
905 3439 1011 3504 exeis
1034 3450 1149 3528 postea
1171 3437 1256 3526 lapi-

90 3540 235 3606 audibus
250 3535 359 3604 obrui
381 3539 603 3629 praecipiens.
632 3541 698 3606 Sed
723 3566 786 3606 nec
810 3542 874 3606 hoe
903 3540 973 3605 sine
1005 3537 1094 3606 beati
1119 3539 1255 3608 Martini

135 3642 237 3707 fuisse
270 3639 391 3706 virtute
412 3639 614 3732 ambigitur,
639 3653 675 3706 ut
701 3640 798 3740 hii
773 3666 844 3706 sine
868 3641 956 3706 bello
981 3637 1253 3734 pacificarentur3

135 3769 209 3808 nam
237 3739 309 3832 ipsa
330 3742 401 3824 die,
433 3769 496 3834 qua
517 3743 565 3808 hii
590 3767 705 3832 pacem
717 3739 902 3832 fecerunt,
933 3755 1001 3808 tres
1027 3739 1192 3832 paralitici
1213 3738 1256 3806 ad

135 3847 222 3911 beati
249 3796 421 3911 basilicain
448 3860 526 3912 sunt
548 3845 679 3912 directi
714 3844 844 3930 Quod
836 3871 870 3911 ιιι
900 3846 1118 3935 sequentibus
1139 3841 1253 3922 libris,

134 3938 280 4044 Demine
296 3947 445 4030 iubente,
461 3945 699 4013 disseruimus.

88 4159 130 4196 ns·
171 4133 306 4196 ‘XXXV¹
318 4131 394 4218 (ὅθ’).
418 4130 681 4196 Dolorem'enim
696 4129 822 4222 ingerit
836 4131 947 4196 anirnn
960 4131 1028 4196 ‘ist'a
1044 4111 1152 4195 civilia
1167 4130 1254 4195 bella

138 4233 270 4298 referre.
290 4223 463 4324 Nam'post
478 4251 600 4298 annum
611 4231 731 4297 iterum
749 4232 960 4322 Chilp'ericus
975 4233 1015 4298 ad
1032 4234 1254 4299 Guntchram'·

136 4334 212 4402 uum
231 4335 365 4402 fratrem
387 4362 482 4402 suum
507 4337 635 4428 legatos
656 4334 774 4418 mittit,
802 4336 918 4402 dicens
941 4364 948 4402 :
973 4364 989 4400 ιι
1010 4335 1130 4406 Veniat
1149 4335 1252 4402 frater
