3220 5158
397 369 563 420 HISTORIAE
581 368 781 422 FRANCORUM
798 370 894 420 LIBER
911 372 948 422 111
1203 375 1233 420 79

156 489 211 555 VI.
230 486 621 578 Chrodeehildis-regina
640 487 965 555 Chlodomeremvel
981 489 1128 578 reliquos
1144 489 1231 559 filius
1260 471 1261 478 ἵ

109 613 191 654 suos
207 587 412 677 adloquitur,
426 588 543 668 dicens
560 599 567 653 ι’
588 616 605 652 u
619 591 694 657 Non
710 615 762 658 me
777 591 959 680 paeniteat,
977 591 1153 671 carissimi,
1172 615 1231 658 vos

109 691 258 758 dulciter
284 691 468 771 enutrisse3
496 691 686 783 indignate,
713 713 856 782 quaeso,
884 693 1040 760 iniuriam
1065 717 1171 760 meam
1200 707 1234 760 et

109 794 218 886 putris
242 794 423 883 matrisque
451 819 542 860 meae
568 807 708 862 mortem
740 797 847 862 sacaei
872 795 983 864 studio
1013 798 1190 865 vindicate.
1214 825 1230 860 u

81 899 202 965 sHaec
226 897 275 972 illi
298 897 491 978 audientes,
523 897 735 990 Burgundias
761 911 880 989 petunt
906 913 940 966 et
965 913 1081 968 contra
1098 899 1113 992 ΙΙ
1133 900 1362 991 Sygi-Cot.toa.
1414 891 1432 984 «
1558 879 1561 886 ⁵

112 1001 275 1066 mundum
300 1001 511 1072 veli'ratrem
541 1003 612 1066 eius
640 1001 867 1068 Godomarum
896 1001 1058 1094 dirigunt.
1085 1003 1232 1069 Darino-

111 1115 252 1192 tumque
277 1104 459 1170 exereitum
482 1127 615 1184 eorum,
645 1104 855 1170 Godomarus
878 1118 973 1196 terga
995 1104 1105 1172 vertit.
1135 1103 1233 1196 Sygi-

114 1207 258 1272 mundus
284 1230 382 1288 vero,
411 1207 490 1272 dum
517 1206 560 1269 ad
587 1218 720 1272 sanctos
746 1206 903 1297 Agaunos
928 1208 1035 1296 fugire
1059 1206 1190 1286 nititur,
1217 1209 1235 1270 ai

114 1310 340 1375 Chlodomere
365 1323 482 1399 eaptus
500 1333 574 1374 eum
599 1332 701 1374 uxore
726 1323 759 1374 et
782 1309 860 1375 filiis
876 1309 1025 1398 captivus
1043 1309 1233 1390 abducitur,

72 1437 98 1476 io
114 1424 215 1501 atque
248 1411 335 1477 iufra
364 1412 545 1477 terminum
574 1410 833 1476 Aurilianensim
863 1414 981 1477 urbem
1014 1412 1049 1476 in
1084 1411 1235 1478 custodia

115 1515 266 1604 positus,
289 1516 478 1581 detenetur.
511 1513 839 1603 Discedentibusque
864 1513 918 1606 his
942 1514 1097 1606 regibus,
1122 1515 1236 1582 Godo-

115 1641 240 1698 marus,
255 1618 434 1708 resumptis
445 1617 584 1708 viribus,
603 1617 860 1708 Burgundiones
879 1615 1015 1707 coilegit
1030 1625 1236 1708 regnumque

115 1721 249 1811 recipit.
279 1723 403 1788 Contra
425 1735 531 1811 quem
549 1719 783 1786 Chiodomeris
814 1720 934 1784 iterum
962 1720 1015 1813 ire
1038 1719 1234 1812 disponens,

116 1825 361 1915 Sygimundum
377 1823 565 1912 interficere
575 1823 765 1888 destinans.
784 1822 846 1888 Cui
858 1847 874 1888 a
886 1824 983 1887 beato
1000 1821 1096 1887 Avito
1107 1823 1234 1900 abbati,

73 1952 100 1991 rs
116 1949 239 2018 magno
257 1939 338 2017 tune
352 1927 513 2016 temporis
531 1926 722 2007 sacerdote,
742 1925 937 2016 dictumest
956 1950 963 1988 ε
985 1949 1003 1988 u
1024 1924 1078 2005 Si,
1097 1923 1234 2014 inquid,

116 2031 456 2118 respiceres'Deum‚
491 2027 719 2116 emendaveris
750 2027 927 2093 eonsilium
964 2041 1076 2108 tuum,
1109 2039 1147 2091 ut
1175 2029 1237 2092 hus

117 2131 271 2198 homines
291 2131 434 2197 interfici
457 2156 524 2196 uon
544 2131 699 2220 patiaris,
719 2130 784 2196 erit
805 2133 895 2195 Deus
915 2143 1044 2212 tecum,
1066 2142 1099 2196 et
1121 2129 1237 2196 abiens

117 2233 291 2302 victoriam
307 2234 494 2313 obtinebis3
509 2232 628 2297 sivero
644 2255 701 2322 eos
716 2233 902 2312 occideris,
924 2245 960 2297 tu
977 2230 1049 2321 ipse
1068 2231 1103 2296 in
1120 2255 1237 2297 manus

119 2335 331 2400 inimieorum
346 2334 505 2416 traditus,
529 2333 636 2422 simile
659 2345 748 2399 sorte
766 2333 911 2424 peribis3
933 2334 1056 2424 fietque
1077 2333 1139 2398 tibi
1161 2356 1238 2399 uxo·

76 2466 104 2504 so
120 2423 215 2529 rique
235 2447 268 2504 et
287 2437 363 2502 filiis
383 2439 466 2518 tuis,
493 2437 583 2526 quod
607 2436 724 2502 feceris
751 2435 958 2526 Sygimundo
986 2449 1020 2502 et
1043 2436 1179 2528 coniugi
1201 2462 1238 2503 ae

121 2541 237 2608 liberis
262 2540 344 2606 eius.
375 2567 392 2604 »
417 2541 516 2624 Quod
542 2539 815 2605 ille'abseultare
840 2538 1026 2628 dispiciens
1059 2539 1237 2606 eonsilium

122 2644 212 2724 eius,
240 2642 286 2707 ait
312 2640 351 2732 :il
369 2669 386 2706 u
408 2643 554 2708 Stultum
575 2641 753 2710 eonsilium
777 2665 850 2706 esse
875 2653 973 2730 puto,
1004 2654 1057 2732 ¹¹²³
1083 2641 1238 2708 inimicos
1251 2651 1302 2703 Fol.
1317 2655 1345 2701 33
1358 2661 1392 2701 vr.

122 2735 235 2810 domui
256 2743 408 2826 relictos,
429 2753 546 2836 contra
560 2743 708 2836 reliquos
725 2768 816 2824 eam,
840 2767 964 2832 eosque
980 2767 998 2807 a
1015 2755 1130 2834 tergo,
1149 2744 1240 2810 huuc

123 2873 141 2912 a
159 2848 269 2912 fronte
289 2859 465 2938 surgente,
486 2846 575 2912 inter
593 2847 678 2911 dnos
698 2837 844 2937 h'ostium
859 2865 983 2910 euneos
1001 2869 1103 2910 ruam.
1128 2844 1239 2911 Satius

77 2980 106 3018 23
124 2951 212 3016 enim
233 2963 267 3014 et
286 2949 414 3015 facilius
423 2949 562 3015 victoria
583 2947 782 3038 patrabitur,
805 2947 833 3012 si
852 2964 938 3012 unus
960 2949 1001 3012 ab
1021 2947 1086 3012 alio
1107 2971 1240 3036 separe-

123 3067 194 3134 tur3
216 3077 282 3143 quo
303 3051 495 3134 interfecto,
518 3051 614 3118 facile
636 3063 670 3117 et
689 3051 772 3116 alios
795 3049 894 3116 morti
914 3049 1039 3140 poterit
1059 3049 1239 3115 destinare.

125 3153 312 3244 Statimque
332 3154 508 3221 interfecto
532 3155 740 3246 Sygimuudo
760 3177 835 3219 oum
858 3177 960 3218 uxore
979 3163 1015 3218 et
1034 3151 1132 3242 filiis,
1155 3154 1243 3242 apud

121 3260 322 3352 Columnam
347 3257 590 3324 Auriliauensis
618 3261 736 3324 urbem
768 3257 878 3323 vicum
898 3257 932 3322 in
954 3267 1090 3346 puteum
1120 3255 1244 3323 iactare

122 3360 354 3454 praecipiens,
376 3359 587 3451 Burgundias
608 3359 718 3449 petiit,
742 3383 865 3424 vocans
885 3358 919 3424 in
942 3357 1101 3424 solacium
1121 3358 1246 3450 Theo-[l

81 3463 277 3531 rudoricum
310 3485 437 3553 regem.
471 3461 530 3527 tlle
559 3473 668 3526 autem
687 3460 842 3526 iniuriam
864 3459 971 3526 soceri
998 3460 1048 3525 sui
1068 3460 1244 3526 vindeeare
1256 3470 1310 3516 Col·
1325 3468 1378 3516 110.

124 3567 263 3645 nolens,
298 3563 346 3630 ire
382 3563 546 3652 promisit.
585 3565 734 3652 Cumque
773 3563 900 3652 pariter
937 3562 1024 3652 apud
1059 3562 1245 3631 Virontiam

124 3671 236 3734 locum
254 3664 347 3731 urbis
362 3663 565 3733 Viennensis
586 3663 757 3729 ooniunoti
773 3664 933 3744 fuissent,
956 3689 1031 3729 eum
1055 3665 1245 3730 Godomaro

124 3769 324 3860 confligunt.
347 3769 496 3856 Cumque
517 3767 726 3832 Godomarus
747 3789 821 3831 enm
842 3765 989 3831 exercitu
1012 3779 1105 3857 terga
1125 3766 1245 3832 vertis·
1310 3842 1313 3848 Ι

127 3884 195 3954 set,
218 3883 253 3936 et
276 3868 509 3936 Chlodomeris
533 3867 768 3957 insequeretur
798 3891 835 3933 ae
866 3869 909 3933 de
934 3868 1001 3933 suis
1025 3893 1092 3932 non
1113 3868 1245 3934 modico

84 4007 111 4045 35
127 3972 236 4064 spatio
256 3971 430 4062 elongatus
456 3983 561 4052 esset,
583 3969 813 4035 adsimilantes
832 3969 881 4036 illi
902 3969 1033 4061 signum
1052 3969 1142 4051 eius,
1165 3971 1247 4034 daut

127 4078 170 4144 ad
190 4101 266 4142 eum
284 4099 401 4154 voees,
424 4073 576 4139 dicentes
595 4100 601 4136 z
625 4100 642 4136 u
657 4076 745 4154 Huc,
768 4073 833 4138 huc
849 4071 1061 4137 convertere!
1079 4071 1140 4136 Tui
1157 4071 1245 4136 enim

128 4201 255 4244 sumus.
279 4203 296 4238 u
318 4175 361 4241 At
383 4175 439 4241 ille
462 4175 623 4254 eredens,
648 4173 731 4239 abiit
748 4173 976 4263 innuitqueiu
1003 4171 1113 4238 medio
1133 4172 1245 4238 inimi-

130 4303 255 4346 eorum.
281 4277 382 4342 Cuius
406 4289 609 4366 amputatum
633 4276 740 4366 capud
760 4289 794 4340 et
821 4287 922 4341 contu
947 4269 1090 4340 defluum
1115 4273 1247 4339 elevant
