3256 5144
334 369 378 414 180
618 363 776 413 GREGORII
794 359 1002 409 TURONENSIS
1020 359 1172 407 EPISGOPI

332 481 441 570 cipes,
470 505 573 571 agens
597 491 634 544 ut
657 479 692 542 in
723 475 890 564 exsequiis
918 475 989 540 eius
1013 475 1154 540 aliorum
1180 474 1295 538 funera
1318 471 1455 561 plange-

332 595 458 646 rentur.
502 584 622 646 Fertur
666 580 754 643 enim
794 575 985 642 Herodiano
1027 601 1118 640 more
1164 599 1278 664 regem
1308 573 1452 662 petisse,

190 691 244 739 col.
264 693 316 740 245.
330 683 446 748 dicens
465 708 471 746 :
493 709 510 744 u
531 681 650 747 Adhuc
671 705 747 769 spes
764 677 898 743 vivendi
911 679 1029 758 suerat,
1050 676 1064 769 Η
1078 677 1105 743 si
1126 701 1194 741 non
1213 675 1302 740 inter
1319 673 1455 764 iniquo·

300 861 303 866 Ι
328 808 400 849 rum
421 782 626 847 medicorum
650 805 766 846 manus
794 778 1004 858 interissem;
1030 803 1105 843 narn
1133 777 1288 866 potiones
1320 775 1453 841 abillis

328 897 484 973 acceptae
514 883 596 948 mihi
622 883 653 948 vi
686 882 896 947 abstulerunt
924 881 1024 944 vitam
1054 892 1087 944 et
1117 881 1271 946 lecerunt
1294 904 1345 944 me
1367 880 1482 942 hanes

326 987 435 1052 lucem
452 985 613 1050 velociter
627 985 781 1073 perdere.
801 985 843 1048 Et
861 982 956 1061 ideo,
977 1006 1019 1047 ne
1039 982 1146 1047 inulta
1163 1007 1252 1046 mors
1271 1005 1342 1048 mea
1359 1004 1453 1069 prae·

327 1100 451 1168 tereat,
472 1111 613 1176 quaeso,
641 1099 769 1151 etcum
795 1085 995 1150 sacramenti
1013 1083 1272 1172 interpositione
1292 1084 1451 1161 ooninro,

328 1203 380 1268 ut,
399 1214 473 1254 cum
497 1192 537 1253 ab
561 1190 624 1254 hac
651 1188 726 1253 lucc
752 1187 958 1265 discessero,
990 1183 1100 1250 statim
1121 1185 1186 1275 ipsi
1213 1184 1326 1274 gladio
1349 1183 1453 1249 truci-

327 1291 465 1369 dentur3
489 1302 536 1369 ut,
553 1289 639 1354 sieut
662 1313 724 1379 ego
747 1287 890 1376 amplius
909 1286 1019 1352 vivere
1041 1311 1109 1351 non
1134 1311 1233 1375 queo,
1253 1287 1299 1349 ita
1320 1285 1454 1352 necilli
1544 1281 1550 1290 '

327 1404 405 1481 post
426 1414 535 1455 meum
562 1389 690 1454 obitum
716 1388 914 1478 glorientur,
945 1388 1004 1454 sed
1030 1388 1074 1453 sit
1095 1413 1181 1452 uuus
1205 1388 1302 1453 dolor
1326 1386 1452 1452 nostris
1467 1410 1495 1450 so

327 1493 452 1582 pariter
477 1517 513 1556 ao
537 1516 651 1556 corum
671 1484 796 1556 amicis.
822 1517 839 1552 »
863 1493 952 1555 Haec
977 1490 1093 1568 effata,
1120 1489 1288 1554 infelicem
1309 1489 1453 1554 animam

327 1593 476 1658 tradidit.
507 1595 578 1658 Rex
600 1615 695 1672 vero,
721 1603 858 1679 peracto
883 1617 923 1656 ex
945 1616 1036 1656 more
1062 1585 1234 1680 exequio,
1250 1613 1453 1678 oppraessus

327 1693 461 1782 iniquae
489 1693 642 1784 coniugis
670 1691 869 1772 iuramento,
908 1691 1059 1780 implevit
1085 1704 1301 1781 praeceptum
1327 1690 1452 1780 iniqui-

328 1793 417 1861 tatis.
438 1797 521 1860 Nam
532 1795 616 1859 duos
633 1794 793 1873 medicos,
811 1792 868 1881 qni
885 1792 914 1856 ei
927 1791 1073 1857 studium
1092 1793 1326 1872 adhibuerant,
1338 1793 1453 1884 gladio

327 1896 426 1961 ferire
443 1895 624 1984 praecipit;
650 1894 740 1983 quod
767 1919 835 1959 non
863 1893 934 1960 siue
955 1907 1094 1983 peceato
1111 1895 1231 1960 lactum
1250 1894 1353 1961 fuisse
1367 1895 1453 1959 mul-
1470 1919 1496 1959 1⁵

327 2010 437 2062 torum
455 1995 565 2061 oensit
579 1995 769 2084 prudentia.

360 2193 399 2237 36.
417 2190 570 2253 Hacitaque
588 2187 752 2252 aegritudine
776 2195 802 2238 et
825 2189 972 2236 Nanthinus
995 2190 1171 2238 Ecolisnensis
1193 2206 1279 2237 comes
1304 2190 1453 2240 exinanitus

329 2252 436 2300 interiit.
449 2251 499 2300 Sed
512 2267 578 2314 quae
591 2257 682 2299 contra
696 2250 844 2298 sacerdotes
857 2251 899 2298 uel
912 2251 1035 2299 ecelesias
1048 2251 1094 2300 Dei
1105 2252 1200 2314 egerit,
1217 2252 1296 2300 altius
1310 2253 1453 2316 repetenda

330 2320 398 2361 sunt.
413 2313 527 2376 Denique
539 2313 727 2370 Maraeharius,
740 2313 885 2360 avunculus
898 2313 963 2370 eius,
975 2314 1021 2361 diu
1032 2314 1059 2360 in
1071 2313 1202 2387 ipsaurbe
1213 2330 1276 2361 usus
1289 2320 1329 2362 est
1340 2315 1452 2363 comita·

328 2382 393 2422 tum.
408 2375 464 2430 Quo
484 2374 570 2422 officio
583 2375 725 2437 completo,
740 2374 865 2422 eeclesiae
882 2375 997 2423 sociatur
1003 2391 1009 2431 ;
1030 2376 1192 2448 clericusque
1207 2377 1300 2432 faetus,
1314 2375 1453 2424 ordinatur
1464 2393 1494 2433 ιο

329 2436 478 2500 episcopus.
492 2436 542 2492 Qui
555 2436 667 2484 multum
679 2435 820 2499 vigilanter
829 2437 871 2485 vel
883 2437 1007 2484 eeclesias
1017 2437 1059 2484 vel
1068 2437 1193 2485 ecelesiae
1201 2437 1293 2484 domos
1305 2443 1330 2486 ot
1347 2437 1451 2512 erigens

330 2505 356 2546 et
365 2515 533 2562 componens,
550 2499 662 2560 septimo
677 2499 816 2546 sacerdotii
834 2514 910 2555 anno,
929 2498 1024 2546 iniecto
1041 2500 1074 2546 ab
1094 2499 1206 2546 inimicis
1227 2499 1254 2546 in
1271 2500 1356 2562 capite
1369 2501 1451 2563 piscis

330 2575 442 2615 veneno,
455 2559 610 2621 simpliciter
622 2559 767 2622 accipiens,
779 2559 919 2608 crudeliter
931 2568 1062 2609 enecatur.
1079 2560 1132 2608 Sed·
1142 2577 1193 2608 non
1206 2561 1251 2608 diu
1270 2561 1382 2608 inultam
1394 2561 1451 2610 eius

331 2628 441 2669 mortem
451 2621 561 2684 pertulit
572 2621 661 2669 divina
671 2623 821 2679 elementia;
835 2637 897 2668 nam
908 2621 1078 2680 Frontonius,
1090 2623 1163 2670 ouius
1176 2622 1286 2670 consilio
1297 2623 1346 2670 hoe
1364 2624 1450 2672 scelus

330 2690 370 2730 est
381 2688 570 2746 perpetratum,
585 2683 705 2730 adsumto
714 2683 851 2730 confestim
862 2683 1024 2746 episcopatu,
1035 2701 1086 2730 uno
1097 2684 1124 2730 in
1136 2701 1166 2731 eo
1178 2677 1359 2746 degebsanno,
1390 2701 1450 2733 rae·
1462 2701 1492 2740 ²5

330 2751 449 2792 currente
471 2744 568 2791 iudicio
590 2744 648 2800 Dei,
667 2744 774 2792 interiit.
795 2745 875 2791 Cuius
894 2752 955 2808 post
975 2746 1076 2792 obitum
1095 2745 1230 2793 Heraclius
1250 2747 1350 2810 Burdig
1378 2748 1449 2796 ensis

330 2806 468 2870 presbiter,
482 2807 526 2878 qui
537 2806 669 2868 quondum
679 2805 781 2868 legatus
795 2805 955 2855 Childeberti
966 2807 1075 2854 senioris
1090 2809 1181 2865 luerat,
1193 2808 1333 2871 episeopus
1346 2809 1451 2857 ordina-

330 2874 381 2914 tur.
397 2869 544 2916 Nanthrnus
555 2883 617 2914 vero
630 2869 662 2914 ob
675 2867 859 2930 requirendam
872 2869 994 2916 avunculi
1010 2869 1049 2916 sui
1061 2875 1171 2916 mortem
1183 2867 1336 2916 comitatum
1350 2870 1376 2917 in
1388 2871 1450 2935 ipsa

331 2930 394 2977 urbe
404 2929 519 2992 expetiit.
533 2928 589 2983 Quo
601 2935 716 2991 accepto,
727 2930 825 2976 multas
838 2929 961 2992 episeopo
973 2931 1083 2978 iniurias
1096 2931 1237 2994 inrogavit.
1252 2932 1345 2980 Aiebat
1355 2933 1425 2982 enim
1439 2950 1444 2981 :

196 2985 249 3032 Col·
265 2988 318 3034 246·
331 3009 342 3038 a
356 2991 505 3038 Homicidas
523 2991 592 3048 illos,
607 2991 651 3052 qui
660 2992 818 3038 avunculum
829 3007 916 3040 meum
927 2993 1133 3056 interlecqlrunt,
1146 3000 1233 3040 tecum
1243 2993 1352 3050 retines;
1364 2995 1411 3042 sed
1424 3001 1449 3043 et
1462 3010 1491 3050 so

329 3053 490 3115 presbiteros
504 3051 565 3098 huie
582 3068 663 3099 noxae
676 3053 805 3100 admixtos
823 3053 855 3100 ad
871 3053 1021 3101 convivium
1037 3055 1088 3101 reci
1111 3070 1147 3102 es.
1162 3071 1174 3100 n
1194 3054 1291 3102 Deinde
1309 3055 1449 3106 inimicitia

329 3115 501 3172 increscente,
515 3113 645 3176 paulatim
663 3115 749 3178 coepit
761 3114 838 3162 villas
856 3115 993 3172 ecclesiae,
1012 3132 1077 3178 quas
1119 3116 1271 3164 aracharius
1291 3123 1448 3167 testamento

329 3176 381 3224 seri
401 3176 591 3238 toreliqnernt,
606 3175 731 3224 violenter
745 3176 881 3234 invadere,
902 3176 1042 3234 adserens,
1057 3194 1108 3224 non
1127 3178 1221 3225 debere
1240 3178 1378 3226 eeclesiam
1390 3181 1447 3228 eius

328 3193 479 3285 laenitatem
488 3236 608 3300 adipisci,
622 3253 638 3284 a
649 3238 723 3285 cuius
733 3238 835 3285 clericis
845 3245 955 3286 testator
969 3241 1053 3287 luerat
1064 3239 1225 3288 interiectus.
1237 3241 1300 3290 Post
1309 3239 1360 3287 ista
1373 3257 1445 3298 vero,

325 3299 379 3345 iam
393 3299 525 3362 aliquibus
542 3315 573 3346 ex
591 3297 665 3345 luicis
682 3299 839 3356 interfectis,
862 3301 976 3357 addidit,
1002 3307 1030 3348 ut
1053 3301 1246 3364 adprehensum
1269 3302 1446 3364 presbiterum
1460 3319 1488 3360 as

325 3361 456 3422 adligaret
466 3377 495 3406 ac
507 3366 586 3408 contu
595 3361 752 3432 perfoderet.
767 3361 813 3408 Cui
827 3362 912 3409 adhue
927 3363 1032 3421 viventi,
1046 3363 1151 3411 retortis
1166 3370 1226 3426 post
1242 3371 1346 3426 tergum
1359 3365 1447 3413 mani·

324 3422 383 3476 bus,
398 3421 513 3485 adpenso
527 3422 560 3469 od
573 3422 697 3484 stipitem,
711 3422 803 3470 elicere
816 3424 966 3486 quaerebat,
977 3424 999 3472 si
1012 3424 1095 3472 inhao
1107 3441 1187 3472 eausa
1199 3426 1291 3473 luisset
1303 3425 1444 3476 admixtus.

324 3483 399 3538 Quod
411 3499 471 3530 eum
483 3482 528 3532 ille
538 3490 654 3544 negaret,
669 3487 814 3546 profluente
831 3502 923 3532 cruore
936 3486 967 3532 de
980 3486 1095 3542 vulnere,
1114 3487 1229 3534 reddidit
1244 3487 1375 3550 spiritum.
1388 3489 1446 3544 Qua

323 3545 354 3592 de
367 3561 447 3592 eausa
456 3551 601 3592 commotus
612 3545 760 3608 episcopus,
776 3547 853 3594 iussit
861 3563 920 3595 eum
928 3548 962 3594 ab
973 3549 1098 3596 eeclesiae
1107 3549 1207 3596 loribus
1219 3549 1363 3612 prohiberi.
1375 3551 1445 3599 Con-

323 3606 487 3654 venientibus
511 3612 598 3655 autem
620 3607 689 3669 apud
708 3608 839 3656 civitatem
861 3610 1018 3656 Sanctonam
1038 3611 1231 3667 sacerdotibus,
1253 3611 1284 3657 de
1305 3612 1445 3661 recabatur
1458 3629 1486 3670 40

322 3669 477 3724 Nanthinus,
492 3674 521 3715 ut
530 3684 621 3731 pacem
632 3669 748 3732 episcopi
759 3676 910 3726 mereretur,
925 3672 1081 3733 promittens
1098 3687 1124 3718 se
1142 3689 1232 3719 omnes
1245 3628 1371 3720 ecciesiae
1383 3689 1441 3733 res,

340 3747 387 3777 uas
401 3730 456 3776 sine
469 3729 569 3776 rationo
586 3730 744 3786 abstulerat,
765 3732 929 3779 redditurum
943 3740 1021 3796 atque
1036 3734 1163 3781 humilem
1180 3735 1301 3781 exhibere
1314 3751 1341 3782 se
1354 3751 1443 3784 saeer-

321 3746 384 3838 doti.
398 3793 430 3839 rlt
438 3791 482 3838 ille
494 3793 605 3838 fratrum
616 3791 778 3839 iussionibus
791 3794 917 3841 obaudire
927 3811 1085 3858 procurans,
1097 3802 1189 3843 cuneta
1207 3813 1273 3859 quae
1285 3797 1443 3859 petebantur·

321 3853 443 3909 incursie
455 3869 563 3900 causam
575 3859 662 3900 tamen
675 3854 816 3916 presbiteri
826 3855 998 3918 omnipotenti
1011 3858 1063 3905 Deo
1075 3859 1269 3913 commendans,
1285 3859 1406 3906 comitem
1414 3861 1441 3908 in

320 3916 428 3962 caritate
440 3915 547 3978 recepit.
562 3915 612 3970 Qui
625 3922 684 3980 post
697 3915 748 3962 ista
758 3932 784 3962 re
806 3933 894 3965 rossus
905 3919 1005 3974 urbem,
1017 3919 1108 3967 domos
1117 3919 1177 3966 illas
1188 3937 1253 3983 quas
1264 3921 1332 3968 mule
1345 3937 1441 3984 perra·
1455 3929 1483 3970 45

320 3983 391 4024 serat
401 3977 510 4040 spoliat,
525 3976 599 4023 elidit
611 3993 640 4024 ae
654 3977 772 4033 dissicit,
786 3934 875 4026 dicens
890 3995 894 4026 :
911 3981 965 4026 «Et
977 3981 999 4028 si
1010 3981 1059 4028 hoc
1074 3982 1108 4028 ab
1125 3983 1235 4029 ecclesia
1246 3983 1380 4045 recipitur,
1398 3985 1441 4031 vel

318 4039 451 4086 desertum
463 4039 621 4087 inveniatur.
634 4054 646 4085 e
660 4039 717 4094 Qua
729 4039 761 4086 ds
773 4056 853 4087 eausa
861 4040 955 4088 iterum
966 4048 1051 4090 motus
1065 4043 1213 4106 episcopus,
1228 4060 1287 4091 enm
1299 4060 1441 4093 acommo-

318 4102 394 4148 nione
408 4101 553 4164 suspendit.
567 4100 714 4155 Quaedam
726 4108 849 4164 aguntur.
865 4102 1004 4165 impletum
1018 4104 1110 4152 beatus
1125 4106 1242 4167 pontifex
1254 4107 1322 4153 vitne
1333 4123 1440 4155 cursum

317 4163 442 4226 migravit
451 4163 484 4210 ad
494 4163 640 4210 Dominum.
654 4163 800 4212 Nanthinus
812 4180 914 4227 quoquo
926 4165 960 4212 ab
973 4165 1105 4229 aliquibus
1118 4167 1259 4230 episeopis,
1273 4168 1437 4218 interceden-

315 4224 386 4272 tibus
397 4224 521 4288 praemiis
535 4231 611 4286 atquc
625 4223 828 4282 adolationibus,
841 4225 1056 4274 eommunieatnr.
1071 4229 1133 4276 Post
1147 4245 1245 4290 paucos
1259 4245 1319 4277 vero
1332 4247 1436 4280 menses
1451 4240 1480 4280 50
