3226 5156
373 465 417 512 142
655 465 818 515 ansanum
831 464 1043 514 Tuaonuaslsz
1055 463 1206 514 EP-ISCOPI

372 583 464 648 tione
482 582 702 672 igiturusque
723 582 766 646 ad*
780 581 971 672 passionem
986 579 1120 648 Domini
1139 583 1217 646 anni
1232 584 1438 650 DCXLVIII.
1463 583 1491 648 Α

372 685 536 773 passione·
557 684 690 750 Domini
719 709 826 775 usque
848 685 889 749 ad
911 684 1098 748 transitum
1119 682 1224 748 sancti
1247 683 1382 750 Martini
1412 685 1491 750 anni
1597 703 1598 726 ³

372 791 556 856 CCCCXII.
583 787 804 852 Atransitum
830 787 936 852 sancti
957 786 1223 877 Martiniusque
1248 788 1297 870 ad
1312 789 1491 854 transitum
1597 807 1598 812 ’

299 937 302 942 ,
330 901 331 904 ’
372 890 697 980 Chlodovecbiregis
713 890 790 956 anni
812 893 910 956 CXII.
929 889 1144 958 Atransitum
1160 889 1389 955 ChIodoveehi
1401 889 1491 980 regis

371 1018 476 1084 usque
497 994 538 1058 ad
553 993 729 1058 transitum
750 991 978 1058 Theodoberti
998 992 1075 1056 anui
1089 995 1251 1060 XXXVII.
1270 992 1297 1056 A
1312 991 1490 1058 transitum
1504 1015 1516 1054 5

371 1095 598 1164 Theodoberti
624 1121 729 1186 usque
755 1095 945 1162 aderitum
970 1095 1238 1186 Sygibertianni
1269 1096 1487 1163 XXXVIIIII.
1597 1179 1598 1202 Χ

372 1199 469 1282 Quod
491 1212 568 1264 sunt
583 1199 681 1264 simul
695 1198 780 1263 anni.
792 1202 830 1268 V.
850 1200 1101 1264 DCCLXXIIII.
1143 1257 1146 1264 .
1168 1252 1169 1258 ,

238 1390 357 1438 cosae.
392 1385 564 1453 xxxva
595 1383 683 1468 (vu,
711 1380 753 1467 7).
789 1379 918 1463 Quibus
945 1378 1216 1457 discedentibus,
1244 1377 1349 1468 regati,
1369 1377 1490 1465 iterum
1597 1365 1598 1378 '

253 1480 307 1528 Fol.
319 1483 357 1528 59.
371 1482 579 1550 ChiIdeberti
604 1484 644 1548 ad
666 1481 871 1566 antedictum
896 1505 1010 1571 regem
1032 1480 1186 1559 veniunt,
1203 1477 1216 1571 Η
1233 1481 1489 1571 Fredegundem

370 1587 518 1677 reginam
534 1584 743 1675 requirentes
764 1597 863 1674 atque
883 1583 1034 1648 dieentes
1055 1609 1061 1646 :
1082 1610 1107 1646 «r
1122 1583 1237 1660 Redde
1265 1583 1484 1666 homicidam,
1503 1607 1527 1646 ao

254 1731 256 1736 ,
369 1715 453 1780 quae
473 1689 604 1754 amitam
641 1712 747 1762 meam
776 1686 970 1778 suggilavit,
1001 1710 1086 1775 quac
1115 1697 1243 1782 patrem
1272 1685 1432 1772 interficit
1457 1700 1490 1752 et

369 1805 540 1880 patruum,
555 1814 619 1878 que
634 1788 726 1878 ipsos
744 1813 878 1878 quoque
895 1789 1118 1856 consubrinos
1138 1787 1229 1852 meos
1241 1787 1353 1880 gladio
1371 1788 1488 1868 interi-

369 1895 440 1960 mit,
460 1922 476 1956 >I
494 1893 610 1960 atille
629 1918 635 1956 :
660 1919 677 1954 a
691 1894 729 1957 In
747 1892 888 1980 placito,
904 1889 1040 1978 inquid,
1058 1914 1157 1978 quem
1175 1891 1488 1970 babemus„cuncta

369 1995 600 2074 decernimus,
631 2006 812 2062 tractantes
841 1990 920 2081 quid
950 2004 1103 2082 oporteat
1125 1991 1208 2085 fieri.
1233 2018 1249 2053 »
1273 1995 1355 2058 Nam
1371 1992 1488 2059 Fridc-
1597 2047 1598 2070 ,

367 2100 499 2190 gundae
516 2095 703 2187 patrocinio
720 2095 943 2174 suofovebat,
963 2091 1290 2183 ipsamquesaepius
1307 2094 1348 2158 ad
1372 2096 1485 2174 eonyi-
1502 2122 1526 2160 15
1597 2091 1598 2096 ¹

366 2202 455 2268 vium
471 2224 624 2278 evocans,
641 2198 853 2287 promittens,
873 2223 907 2262 se
926 2197 1049 2269 eifieri
1068 2196 1245 2279 maximnm
1263 2197 1485 2276 defensorem.

368 2305 518 2388 Quadam
536 2327 614 2367 vero
633 2301 715 2380 die,
745 2301 823 2366 dum
851 2300 976 2388 pariter
1008 2299 1049 2364 ad
1075 2283 1223 2384 mensam
1257 2300 1485 2388 epularentur,

367 2408 483 2497 regina
513 2428 741 2494 „consurgens
783 2416 816 2467 et
847 2403 1058 2479 valedicam,
1089 2426 1106 2464 3
1139 2402 1485 2491 regedetepebatur,

366 2507 507 2574 dicento
534 2507 598 2572 sibi
623 2533 630 2570 :
655 2533 672 2570 ‹<
699 2506 819 2570 Adhuc
845 2503 970 2594 aliquid
998 2503 1209 2592 cybissume.
1247 2530 1264 2566 >›
1303 2504 1363 2569 Cui
1399 2506 1484 2584 iIIa:

368 2639 384 2673 «
421 2610 577 2701 Indulge,
614 2607 749 2696 inquid,
795 2608 992 2696 depraeoor,
1026 2605 1154 2684 domiui
1191 2605 1253 2686 nri,
1284 2605 1361 2695 quia
1398 2607 1487 2682 iuxta
1501 2636 1527 2673 so

367 2711 644 2779 eonsuetudinem
673 2710 847 2775 mulierum
863 2709 1019 2799 ¹contigit
1039 2708 1139 2790 mth‚
1166 2723 1203 2788 ut
1222 2733 1283 2799 pro
1321 2725 1486 2800 conseptu

367 2840 500 2907 surgam
512 2817 534 2880 2.
559 2841 576 2876 »
598 2811 767 2887 Haec-ille
796 2811 952 2891 audiens,
983 2807 1163 2899 obstipuit,
1198 2810 1487 2902 sciens,quartum

367 2944 440 2984 esse
460 2942 626 2995 mensem,
646 2939 685 2980 ex
701 2940 766 3003 quo
784 2913 885 2979 alium
896 2913 1054 2978 ediderat
1072 2913 1198 2994 filium,
1210 2927 1321 2983 tamen
1332 2916 1485 3005 permisit

313 3039 328 3081 .’
366 3046 438 3086 eam
456 3043 670 3108 consurgere.
692 3016 866 3084 Prioribus
887 3041 1020 3105 quoque
1046 3017 1088 3080 de
1107 3041 1211 3106 regno
1231 3017 1433 3107 Chilperici,
1450 3032 1487 3084 ut

365 3138 436 3190 erat
452 3122 652 3201 Ansoaldus,
671 3121 712 3185 ad
731 3119 836 3184 filium
855 3118 938 3196 eius,
961 3118 1016 3207 qui
1036 3132 1126 3197 erat,
1144 3132 1182 3184 ut
1200 3120 1370 3208 superius,
1389 3135 1486 3212 quat·
1499 3147 1525 3186 aa
1597 3171 1598 3196 ,

365 3238 441 3292 tuor
456 3225 631 3304 mensium,
653 3247 688 3288 se
704 3222 930 3312 collegerunt,
951 3245 1051 3310 quem
1072 3222 1304 3287 Chlotharium
1319 3223 1485 3292 vocitave-
1597 3233 1598 3246 ¹

366 3341 459 3408 runt,
480 3327 650 3418 exigentes
668 3336 875 3396 sacramenta
899 3347 958 3412 per
978 3323 1129 3389 civitates
1153 3348 1237 3413 quae
1257 3324 1298 3396 ad
1322 3325 1485 3417 Chilperi-
1597 3333 1598 3354 ¹

366 3455 440 3495 cum
473 3429 565 3520 prius
597 3440 810 3518 aspexerant,
854 3439 890 3491 nt
923 3425 1052 3492 scilicet
1085 3426 1201 3492 fideles
1242 3451 1315 3492 esse
1349 3423 1487 3496 debiant

366 3535 619 3598 Guntchramno
631 3556 709 3621 rege
722 3555 760 3594 ae
775 3542 898 3618 nepote
909 3553 968 3594 suo
986 3528 1193 3622 Chlothario.
1213 3531 1485 3598 Guntohramnus

365 3659 442 3700 vero
471 3659 529 3700 rex
548 3633 658 3698 omnia
684 3657 767 3721 quae
795 3631 923 3698 fideles
938 3631 1027 3722 regis
1057 3630 1258 3696 Theodorici
1295 3657 1361 3696 non
1395 3649 1524 3702 recteao

366 3735 508 3802 diversis
522 3735 746 3814 abstulerant,
769 3732 902 3800 iusticia
923 3732 1172 3811 intercedente,
1190 3733 1356 3812 restituit,
1382 3736 1487 3802 multa

366 3854 398 3905 et
416 3839 487 3928 ipse
504 3837 635 3904 eclesiis
649 3838 842 3915 conferens;
856 3849 1056 3904 testamenta
1071 3835 1225 3926 quoquell
1236 3837 1483 3918 defunctorum,

362 3942 422 4033 ‘qui
438 3940 576 4008 eclesias
590 3940 731 4007 heredes
748 3937 975 4019 instituerant,
994 3952 1028 4005 et
1042 3940 1082 4004 ab
1100 3937 1291 4028 Chilperico
1304 3964 1484 4029 conpressa

365 4046 515 4125 fuerant,
535 4040 752 4122 restauravit;
775 4041 958 4130 multisque
989 4067 1023 4119 se
1048 4039 1231 4130 benignum
1259 4042 1422 4108 exhibens
1447 4069 1489 4130 ac

366 4148 467 4213 multa
485 4144 689 4236 pauperibus
710 4143 873 4210 tribuens.

397 4367 418 4413 1.
440 4369 510 4414 Corr.
524 4356 648 4412 XXVIIII.
662 4391 691 4399 -
709 4361 730 4410 2.
747 4366 818 4412 Corr.
832 4377 998 4426 consurgam.
