3238 5140
405 485 570 536 HlSTORIAE
588 485 787 536 FRANCORUM
804 485 901 534 LIBER
918 487 937 534 1.
1203 485 1232 531 25

115 599 273 664 accepisset,
285 600 382 648 oblitus
395 607 449 648 tam
459 617 583 664 sponsam
597 607 726 648 terrenam
738 619 816 664 quam
829 603 966 650 facultates
974 601 1112 666 proprias,
1127 605 1232 648 sauctae

114 663 254 726 copulatur
264 663 401 735 ecelesiae,
419 665 561 738 laetusque·
569 664 692 721 clericus,
707 664 733 712 in
750 671 823 714 tauta
838 664 971 775 praelatus
988 671 1028 712 est
1041 663 1191 738 sanctitate,
1204 667 1233 710 ut

114 723 191 772 beato
203 725 349 790 Nepotiane
363 741 497 774 successor
509 732 645 774 exsisteret
655 726 687 774 ad
701 727 828 790 regendas
859 743 962 776 omrnrcr
975 743 1064 791 gregis
1077 726 1174 774 caulas.

146 921 184 966 17.
214 919 351 966 Paridem
373 926 476 983 tempus
498 919 642 968 Iniuriosus
662 919 769 984 quidam
787 921 818 968 de
843 922 1007 972 senatoribus
1029 921 1152 969 Arvernis
1172 935 1231 967 cum

87 983 98 1022 5
113 981 218 1044 magnis
229 981 323 1044 opibus
338 982 450 1030 similem
460 983 510 1030 sibi
522 982 549 1030 in
559 983 680 1046 coniugio
692 984 807 1047 puellam
817 985 936 1049 expetiit,
945 985 1085 1047 datumque
1092 984 1229 1050 arrabone,

112 1043 184 1090 diem
201 1044 293 1091 statuit
308 1045 467 1108 nuptiarum.
489 1041 553 1093 Erat'
568 1051 654 1094 autem
670 1051 778 1109 uterque
796 1047 887 1094 unicus
905 1046 983 1110 patri.
999 1045 1157 1094 adveniente
1169 1061 1230 1093 vero

110 1106 167 1162 die,
184 1106 316 1154 celebrata
327 1107 500 1155 sollemnitate
508 1108 658 1172 nuptiarum
668 1145 674 1164 ,
685 1109 712 1155 in
724 1125 776 1156 uno
794 1115 876 1156 strato
892 1125 923 1156 ex
939 1123 1010 1157 more
1026 1107 1165 1169 lollcantur.
1180 1107 1231 1155 Sed
1241 1104 1295 1152 Col.
1312 1103 1350 1150 32.

111 1169 202 1232 puella
217 1169 335 1232 graviter
350 1170 512 1228 contristata,
525 1186 617 1218 aversa
630 1171 663 1218 ad
679 1172 819 1234 parietem,
835 1171 998 1219 amarissime
1011 1171 1098 1218 flebat.
1109 1169 1156 1218 Cui
1166 1171 1229 1218 ille:

114 1230 217 1288 «Quid,
235 1231 341 1294 inquid,
361 1231 496 1280 turbaris?
515 1231 617 1291 Indica,
653 1249 744 1289 uaeso,
761 1233 856 1281 mihi.»
874 1235 973 1297 lllaque
991 1232 1097 1288 silente,
1118 1233 1229 1280 adiecit:

76 1291 99 1328 ¹⁰
113 1310 125 1338 ιι
142 1293 256 1342 Obsecro
269 1299 294 1341 te
306 1309 354 1358 per
365 1295 452 1342 lesum
467 1295 613 1353 Christum,
626 1250 711 1344 ilium
725 1296 784 1354 Dei,
797 1303 826 1344 ut
844 1296 907 1344 mihi
918 1296 981 1359 quid
997 1295 1087 1344 doleas
1100 1294 1231 1359 sapienter

112 1371 238 1418 exponas.
254 1373 267 1402 ιι
281 1355 352 1402 Τιιιιο
370 1355 417 1404 111ιι
435 1373 560 1404 conversa
571 1358 604 1406 ad
621 1374 679 1406 eum
696 1358 732 1406 ait
745 1375 750 1406 :
765 1358 817 1406 «Si
833 1357 954 1407 omnibus
967 1358 1058 1405 diebus
1071 1357 1140 1406 vitae
1158 1374 1231 1406 meae
1275 1367 1284 1378 ·

111 1417 253 1481 plangam,
267 1419 384 1481 nunquid
396 1425 483 1467 tantae
494 1426 570 1468 erunt
583 1420 727 1483 lacrymae,
742 1427 772 1468 ut
785 1428 881 1484 queant
896 1421 1001 1469 abluere
1013 1427 1068 1468 tam
1082 1420 1231 1468 inmensum

111 1480 228 1589 pectoris
240 1481 291 1528 mei
301 1481 425 1528 dolorem.
441 1483 588 1530 Statueram
601 1483 684 1536 enim,
698 1489 727 1530 ut
740 1483 925 1546 corpusculum
940 1499 1027 1540 meum
1041 1482 1231 1532 inmaculatum

124 1542 219 1590 'bristo
231 1559 247 1589 a
261 1543 331 1590 virili
344 1549 416 1591 tactu
428 1559 572 1601 servarem,
592 1545 637 1592 sed
650 1560 697 1593 vae
711 1545 790 1592 mihi!
828 1545 853 1592 ui
866 1545 955 1593 taliter
967 1545 1001 1594 ab
1011 1561 1040 1593 eo
1051 1545 1142 1593 relicta
1155 1561 1228 1603 sum,

55 1602 96 1640 ⁸¹5
110 1611 143 1652 ut
155 1605 224 1668 quod
234 1605 358 1653 obtaham
404 1607 494 1655 rfieerc
506 1623 557 1654 non
568 1607 681 1655 valerem
692 1615 717 1656 et
729 1562 837 1671 quodsih
849 1608 923 1656 initio
936 1607 1028 1655 aetatis
1042 1623 1113 1656 meae
1127 1607 1230 1655 servari

110 1668 140 1714 in
151 1667 200 1714 hac
210 1667 353 1715 novissima
383 1668 418 1725 ie,
430 1685 507 1732 quam
521 1669 608 1717 videre
618 1686 669 1717 non
680 1670 834 1725 debueram,
848 1669 959 1733 perdidi.
978 1670 1042 1717 Ecce
1058 1669 1126 1717 enim
1138 1669 1230 1717 relicta

110 1730 147 1778 ab
160 1729 293 1777 inmortali
304 1729 420 1788 Christo,
434 1732 478 1804 qui
491 1731 554 1778 mihi
565 1732 652 1779 dotem
664 1733 833 1806 promittebat
843 1732 1003 1797 paradysus,
1018 1731 1136 1779 mortalis
1149 1731 1230 1780 homi·

110 1792 154 1839 nis
167 1808 225 1838 sum
236 1792 329 1840 sortita
338 1801 510 1851 consortrum;
529 1801 554 1841 et
563 1810 612 1857 pro
622 1811 689 1843 rosus
704 1795 956 1842 inmarcescibilibus
970 1794 1099 1842 arentium
1109 1810 1149 1842 me
1160 1810 1230 1842 rosa·

111 1871 171 1902 rum
185 1870 236 1902 non
253 1861 329 1902 ornat
347 1854 391 1902 sed
410 1856 539 1903 deformat
556 1856 649 1919 spolia.
673 1857 777 1905 Etcum
798 1857 876 1904 debui
895 1858 992 1920 super*
1013 1856 1142 1904 aadriiluo
1162 1857 1229 1920 rigni

71 1919 95 1956 ²⁰
109 1917 219 1964 tlmnine
229 1916 352 1979 puritatis
364 1919 458 1966 stolam
470 1919 589 1976 induere,
604 1919 668 1970 haec
682 1920 746 1968 mihi
758 1920 839 1968 restis
851 1919 933 1968 honos
944 1873 1074 1974 exhihuit,
1085 1935 1136 1966 non
1146 1920 1230 1967 hono-

103 1996 177 2026 ·rcm.
200 1979 251 2026 Scd
269 1979 331 2042 quid
347 1981 460 2043 amplius
479 1981 559 2028 verba
576 1982 772 2046 protrahimus?
790 1981 882 2029 Infelix
900 1997 961 2044 ego,
980 1997 1045 2045 quac
1063 1981 1140 2030 debui
1160 1988 1229 2030 sorte

111 2042 207 2089 mereri
220 2042 305 2105 polos,
316 2041 393 2088 hodie
405 2042 539 2106 dimergar
547 2045 573 2090 in
588 2045 705 2106 abyssos.
721 2045 755 2101 Ο,
770 2045 791 2092 si
802 2044 866 2091 mihi
878 2043 942 2091 haee
956 2045 1043 2091 lutura
1055 2050 1137 2100 erant,
1149 2059 1229 2108 quare

110 2121 164 2152 non
178 2105 234 2151 dies
245 2104 315 2152 vitae
331 2121 401 2152 meae
416 2105 473 2170 ipse
492 2107 541 2154 tuit
559 2107 633 2160 finis,
647 2107 690 2169 qui
708 2106 756 2154 luit
772 2107 888 2156 initium!
909 2107 942 2163 0,
965 2105 986 2152 si
1001 2112 1061 2154 ante
1079 2106 1229 2154 introissem

111 2167 205 2213 mortis
216 2166 335 2222 ianuam,
348 2183 426 2230 quam
444 2169 519 2215 lactis
535 2169 677 2232 acciperem
694 2169 830 2217 alimenta!
850 2169 885 2224 O,
904 2169 925 2216 si
942 2168 1073 2216 nutricum
1092 2169 1155 2216 mihi
1169 2168 1228 2216 dul-

71 2231 96 2268 25
110 2230 182 2276 cium
192 2229 284 2276 oscula
295 2228 321 2274 in
336 2231 424 2277 lunera
437 2231 547 2279 inissent
559 2234 684 2294 expensal
699 2232 810 2280 Horrent
826 2232 895 2278 enim
904 2230 969 2279 mihi
984 2237 1102 2280 terrenae
1113 2231 1226 2294 species,

130 2292 175 2338 uia
187 2307 236 2354 pro
249 2292 339 2340 mundi
355 2291 410 2339 vita
424 2294 562 2341 transfixas
580 2310 673 2341 manus
686 2294 801 2357 suspicio
812 2292 1002 2356 Redemptoris.
1016 2293 1067 2340 Nec
1081 2309 1158 2340 cerno
1170 2293 1230 2340 dia-

111 2309 204 2400 demas
224 2353 334 2416 gemmis
352 2353 501 2417 insignibus
523 2363 698 2414 coruscantes,
725 2373 784 2404 cum
803 2356 878 2403 illam
899 2356 1017 2419 spineam
1041 2355 1122 2404 miror
1145 2362 1229 2402 mente

111 2431 246 2463 coronam.
259 2415 363 2478 Respuo
376 2416 419 2464 lon
441 2419 571 2481 elatoque
590 2418 686 2466 diffusa
702 2419 787 2482 spatia
803 2425 888 2466 terrae
907 2425 978 2472 tuae,
996 2417 1057 2526 {uia
1073 2418 1229 2466 amaenitate

111 2479 270 2540 concupisco
282 2478 414 2540 paradiso.
450 2487 537 2527 orrcnt
549 2487 594 2528 tua
603 2481 712 2536 solaria,
726 2496 785 2528 cum
795 2481 933 2528 Dominum
943 2494 999 2528 rese
1020 2487 1104 2528 entem
1115 2480 1229 2544 suspicio

70 2543 96 2580 ³0
111 2556 192 2604 super
202 2547 282 2588 astra.
295 2557 306 2587 ιι
325 2541 400 2588 Talia
412 2559 470 2589 cum
481 2559 576 2606 magno
588 2545 651 2590 fletu
663 2543 769 2591 iactanti
783 2548 927 2590 commotus
946 2541 1042 2606 pietate
1058 2543 1159 2590 iuvenis
1172 2542 1209 2590 ait
1222 2558 1228 2589 ι

111 2621 122 2650 ιι
136 2603 233 2649 Unicos
254 2619 300 2648 nos
317 2603 474 2651 nobilissimi
491 2607 665 2652 Arvernorum
682 2606 795 2653 habuere
807 2611 928 2668 parentes
946 2612 971 2652 et
985 2605 1018 2652 ad
1050 2606 1229 2668 ropagandam

110 2665 320 2731 generulltionem
338 2666 494 2740 coniungere
511 2669 665 2720 voluerunt.
684 2685 715 2715 ne
728 2667 908 2715 recedentibus
923 2667 954 2714 do
968 2621 1063 2716 munio
1081 2668 1230 2714 succederet
1239 2655 1294 2704 0⁰1·
1308 2656 1346 2702 33·

110 2727 188 2775 heres
200 2734 347 2774 extraneus.
359 2744 371 2774 ιι
381 2727 427 2775 Cui
440 2729 486 2776 ulla
502 2746 507 2777 :
523 2747 534 2776 ιι
544 2729 613 2778 Nihil
624 2737 664 2778 est
683 2730 808 2785 mundus,
820 2730 886 2777 nihil
899 2736 960 2777 sunt
975 2729 1095 2802 divjtiue,
1109 2728 1175 2776 nihil
1189 2736 1230 2777 ost

110 2805 210 2853 pompa
223 2788 320 2836 saeculi
332 2789 423 2848 huius,
441 2792 507 2838 nihil
526 2797 567 2840 est
578 2791 631 2840 vitu
644 2792 705 2857 ipsa
724 2809 802 2856 quam
822 2794 946 2849 fruemur,
961 2792 1006 2839 sed
1018 2792 1065 2839 rlla
1077 2791 1162 2854 magis
1174 2790 1229 2839 vita

70 2854 95 2890 ³5
110 2851 261 2915 quaerenda
273 2857 324 2910 est,
337 2868 403 2916 quae
414 2860 497 2917 morte
506 2854 662 2902 terminante
672 2872 722 2903 non
736 2855 874 2911 clauditur,
887 2870 953 2929 quae
965 2855 1024 2902 labe
1038 2855 1093 2902 ulla
1105 2870 1156 2901 non
1175 2855 1229 2902 sol-

109 2915 182 2962 vitur
193 2929 240 2961 nec
254 2914 342 2978 aliquo
354 2931 448 2963 occasu
467 2917 564 2974 linitur,
582 2918 627 2964 ubi
647 2918 725 2965 homo
741 2918 768 2964 in
780 2917 939 2966 beatitudrne
956 2923 1061 2965 aeterna
1080 2923 1227 2980 permanet,

110 2978 195 3024 lucem
213 2993 265 3023 non
281 2977 413 3025 occidente
432 2978 498 3026 vivit
518 2985 555 3034 et,
570 2979 639 3043 quod
658 2980 741 3026 maius
761 2985 802 3026 est
816 2979 858 3026 his
875 2979 1011 3037 omnibus,
1029 2979 1113 3043 ipsius
1126 2979 1228 3026 Domini

110 3038 288 3112 praesentiam
309 3039 364 3102 iugi
383 3042 519 3113 perfruens
541 3042 767 3104 contemplatione,
791 3041 818 3088 in
839 3042 957 3104 angelico
980 3042 1125 3090 translatus
1145 3048 1227 3096 statu,

109 3101 289 3150 1ndissolubili
306 3102 406 3150 laetitia
421 3103 525 3165 gaudet.
540 3103 681 3152 »adhaec
697 3103 742 3151 ille
756 3119 761 3151 ε
774 3121 786 3149 ιι
798 3103 970 3162 Dulcissimis,
993 3103 1097 3212 inffiuid,
1118 3103 1228 3166 eloquiis

71 3165 95 3203 4⁰
109 3165 163 3210 tuis
181 3170 288 3212 saeterna
308 3165 372 3212 mihi
391 3165 445 3212 vita
461 3172 586 3230 tanquam
608 3182 732 3229 magnum
749 3166 826 3213 iubar
844 3165 950 3224 inluxit,
974 3172 999 3213 at
1017 3165 1025 3212 i
1046 3181 1089 3220 eo,
1115 3165 1136 3212 si
1160 3165 1200 3212 vis
1214 3182 1229 3212 a

110 3227 211 3274 carnali
235 3225 366 3274 abstinere
389 3228 638 3291 concupiscentiam,
657 3228 756 3291 partice
777 3245 789 3274 s
816 3235 876 3276 tuae
902 3228 996 3276 mentis
1017 3227 1124 3276 efficiar.
1148 3244 1159 3275 ιι
1180 3228 1228 3276 111ιι

111 3288 265 3350 rospondit:
285 3306 297 3335 ιι
308 3289 418 3338 Difficile
438 3297 477 3337 est
495 3307 584 3338 sexum
595 3291 698 3338 virilem
716 3306 740 3337 m
772 3290 869 3338 ieribus
886 3291 937 3338 ista
949 3296 1094 3363 praestare.
1116 3291 1227 3345 Tamen,

112 3350 134 3396 si
150 3351 254 3408 iecoris,
269 3356 298 3397 ut
309 3351 462 3400 inmaeulati
477 3369 677 3416 permaneamus
696 3354 722 3400 in
736 3352 851 3408 saeculo,
864 3369 881 3400 *e
902 3370 916 3400 o
935 3352 983 3400 t1hi
996 3359 1098 3415 partem
1113 3353 1229 3402 tribuam

111 3412 182 3460 dotis
195 3429 274 3476 quam
286 3415 446 3476 promissam
463 3432 478 3462 a
495 3433 591 3478 sponso
608 3416 714 3464 domino
730 3432 786 3462 mco
799 3416 857 3462 lesu
870 3369 973 3462 Clrristo
984 3415 1080 3472 habeo,
1093 3416 1134 3462 cui
1152 3421 1229 3463 meet

72 3477 97 3516 15
112 3475 240 3522 famulam
256 3475 349 3523 devovi
368 3493 424 3524 esse
441 3484 466 3526 et
481 3493 612 3541 sponsam.
633 3495 645 3524 ιι
670 3477 741 3525 Tune
757 3477 802 3525 ille
819 3483 935 3526 armatus
959 3475 1043 3525 erucis
1057 3478 1151 3526 vexillo
1174 3478 1226 3526 ait:

112 3555 124 3582 ιι
133 3538 236 3584 Faciam
245 3555 311 3602 quae
319 3539 442 3586 hortaris.
451 3555 463 3588 ιι
472 3541 504 3588 Et
514 3539 582 3588 datis
595 3541 662 3589 inter
673 3556 700 3588 se
710 3540 817 3596 dextris,
826 3540 986 3607 quieverunt,
999 3539 1096 3588 multos
1104 3540 1228 3603 posteain

112 3616 164 3647 uno
181 3607 264 3648 strato
280 3602 459 3650 recumbentes
473 3619 568 3658 annos,
583 3603 628 3650 sed
641 3619 700 3650 cum
717 3603 837 3649 castitate
852 3602 992 3660 laudabili,
1013 3602 1082 3667 quod
1099 3609 1189 3666 postea
1201 3603 1228 3650 in

110 3678 201 3710 eorum
212 3663 327 3712 transitu
338 3664 499 3714 declaratum
511 3671 558 3714 est.
573 3666 714 3720 Nam'cum,
728 3664 826 3727 inpleto
838 3665 990 3724 certamine,
1022 3665 1091 3712 uella
1103 3666 1228 3728 migraret

111 3724 144 3770 nd
158 3725 305 3782 Christum,
317 3733 421 3788 peracto
434 3727 474 3774 vir
488 3728 584 3774 iuncris
595 3728 680 3774 officio
696 3744 754 3774 curn
766 3727 882 3790 puellam
894 3726 921 3774 in
936 3681 1056 3790 sepulcro
1073 3729 1225 3790 deponeret,

68 3797 95 3833 ou
110 3787 163 3833 ait:
177 3788 302 3836 «Gratias
313 3787 362 3836 tibi
373 3805 431 3862 ago,
441 3789 545 3837 domine
557 3791 616 3837 lesu
629 3790 739 3846 Christe,
749 3796 852 3836 aeterne
864 3789 967 3838 domine
980 3790 1048 3837 Deus
1061 3790 1225 3852 noster,quia

111 3849 179 3896 hunc
191 3850 358 3905 thesaurum,
380 3858 448 3898 sicut
460 3869 475 3900 a
492 3859 517 3900 te
531 3852 739 3899 commendatum
761 3852 860 3915 accepi,
881 3853 918 3900 ita
934 3852 1122 3900 inmaculatum
1136 3851 1227 3914 pietati

111 3917 170 3960 tuac
183 3911 301 3960 restituo.
316 3929 328 3958 ιι
341 3914 373 3960 At
385 3913 432 3962 illa
444 3914 582 3962 subridens
597 3930 602 3961 ι
618 3931 629 3960 ι
645 3914 725 3971 Quid,
740 3914 843 3976 inquid,
854 3914 969 3977 loqueris
980 3913 1048 3977 quod
1059 3914 1227 3961 noninterro-

111 3974 183 4036 garis
192 3976 219 4022 ir
232 3975 359 4038 Illamque
372 3991 399 4022 se
420 3977 502 4024 ultam
515 3977 571 4039 ipse
586 3993 637 4024 non
649 3977 831 4040 postmultum
848 3985 952 4040 tempus
969 3975 1136 4041 iullsequitur.
1147 3977 1227 4024 Porro
1238 3973 1293 4021 Col.
1307 3975 1344 4021 34.

111 4051 169 4083 cum
182 4037 319 4100 utriusque
335 3991 509 4100 sepulirume
526 4039 637 4087 diversis
673 4039 799 4088 arietibus
812 4039 968 4088 collocatum
986 4039 1089 4096 luisset,
1108 4038 1227 4086 miraculi

70 4115 96 4152 55
112 4097 226 4156 novitas,
241 4115 308 4162 quae
320 4116 408 4148 eorum
419 4101 566 4149 castitatem
577 4057 769 4160 manitlistaret,
783 4101 915 4166 apparuit.
928 4102 993 4150 Nam
1004 4103 1071 4148 lacto
1081 4116 1156 4148 mane
1168 4115 1227 4147 cum

110 4160 145 4206 nd
157 4161 242 4210 locum
274 4162 346 4226 opuli
359 4163 522 4220 accederent,
536 4164 690 4212 invenerunt
702 4165 823 4228 sepulcra
834 4164 942 4228 pariter,
956 4163 1075 4228 quaelou
1096 4163 1190 4211 einter
1201 4179 1227 4209 se
1311 4215 1313 4220 ,
1354 4197 1356 4204 ,

111 4220 209 4272 distare
230 4177 402 4287 reliquerant,
417 4226 516 4274 seilicet
533 4232 576 4284 ut,
599 4244 664 4291 quos
682 4234 752 4276 tenet
771 4227 854 4276 socios
877 4227 991 4282 caelum,
1012 4179 1173 4289 sepultorum
1184 4224 1228 4272 hie

111 4299 251 4349 corporum
263 4303 314 4334 non
328 4294 432 4351 separet
445 4295 650 4336 monumentum.
662 4290 714 4336 Hos
727 4303 809 4353 usque
821 4288 898 4336 hodie
911 4289 981 4337 Duos
993 4286 1115 4336 Amantes
1128 4287 1227 4336 vocita-

111 4362 171 4395 vere
181 4347 229 4397 loci
243 4347 344 4398 incolae
355 4351 500 4401 voluerunt.
514 4351 679 4401 Meminimus
693 4351 724 4400 de
736 4351 777 4402 his
791 4352 816 4401 in
827 4351 895 4400 libro
908 4351 1103 4402 Miraculorum.
