3256 5144
427 451 591 508 HISTORIAE
609 453 809 508 FRANCORUM
828 451 924 506 tisun
941 454 982 505 tt,
1227 459 1272 504 tut

148 576 301 664 pervenit
325 575 364 639 ad
391 575 502 640 locum
522 576 579 639 ubi
608 587 742 640 sanctus
763 573 825 640 Dei
850 573 1020 638 reclausus
1039 583 1120 638 erat.
1152 573 1195 637 At
1214 572 1272 638 illc

147 700 208 767 per
226 679 405 742 fenestram
421 675 524 742 turris
545 676 695 740 ostendit
715 697 749 741 se
770 677 836 741 eis(
851 675 911 740 llle
930 696 1008 740 vero
1025 672 1271 740 circumeuntes

149 793 291 853 turrem,
311 780 465 858 adetum,
483 799 544 868 per
559 800 658 868 quem
678 779 937 869 ingrederentur
949 779 989 843 ad
1009 799 1102 856 eum,
1122 777 1271 842 invenire

147 905 215 946 non
236 894 404 970 poterant.
428 883 522 947 Tunc
543 876 610 946 duo
635 881 875 960 ascendentes,
895 882 1095 945 detexerunt
1113 900 1186 944 eum
1206 891 1272 943 tec-

120 995 231 1060 stum3
254 996 287 1047 et
303 983 456 1047 videntes
482 1006 557 1046 eum
577 984 724 1046 vinctum
743 981 870 1046 catenis
892 981 1114 1069 indutumque
1134 979 1269 1056 ciliciis,

149 1083 291 1149 dicunt:
317 1111 331 1145 a
359 1083 419 1147 llic
439 1084 632 1148 malefactor
653 1096 705 1147 est
731 1095 765 1148 et
786 1082 1003 1147 homicidium
1031 1081 1122 1159 fecit,
1144 1080 1221 1146 ideo
1237 1081 1271 1145 in

148 1186 200 1251 h'is
215 1185 440 1276 leguminibus
462 1184 594 1250 vinctus
619 1197 764 1250 tenetur.
795 1211 811 1246 n
837 1188 1065 1273 Vocatumque
1090 1181 1272 1270 interprae-

149 1301 228 1366 tem,
245 1286 460 1353 sciscitantur
475 1289 516 1351 ab
538 1311 588 1368 eo,
613 1287 692 1374 quid
711 1287 794 1350 male
812 1280 949 1363 fecerit,
965 1299 1003 1350 ut
1021 1285 1087 1349 talc
1106 1279 1273 1372 supplicio

148 1401 321 1480 artaretur.
360 1390 402 1454 At
433 1388 490 1453 ille
523 1389 656 1467 fatetur,
685 1407 719 1453 so
751 1388 953 1454 homicidam
982 1409 1058 1452 esse
1095 1387 1272 1476 omnisque

107 1515 133 1556 ιο
149 1486 299 1556 criminis
323 1512 426 1557 reum.
455 1494 549 1556 Tunc
575 1513 679 1570 unus,
703 1503 852 1555 extracta
872 1491 998 1580 gladio,
1018 1499 1055 1555 ut
1078 1501 1178 1579 capnt
1202 1491 1273 1554 eius

148 1594 303 1670 libraret,
326 1593 461 1658 dextera
482 1592 517 1656 in
535 1591 610 1682 ipso
628 1591 695 1657 ictu
717 1613 879 1681 suspensa
891 1592 1048 1682 deriguit,
1071 1613 1133 1657 nec
1151 1591 1273 1656 eumad

149 1719 183 1758 se
208 1693 319 1783 patuit
345 1713 512 1759 revocare.
540 1697 634 1758 Tunc
658 1693 807 1783 gladium
839 1693 971 1772 laxans,
991 1706 1101 1758 terrae
1134 1691 1270 1757 deiecit.

150 1799 237 1862 Haec
252 1795 404 1862 videntes
421 1796 503 1860 socii
521 1793 606 1871 eius,
626 1797 806 1861 clamorem
824 1795 858 1860 in
875 1792 968 1862 eaelo
984 1795 1163 1874 dederunt,
1183 1793 1273 1885 flagi·
1360 1833 1365 1842 -

148 1911 258 1964 tentes
275 1923 292 1963 a
308 1911 443 1975 saneto,
468 1913 521 1976 ut,
553 1897 633 1988 quid
658 1920 756 1989 agere
779 1898 969 1988 patuerint,
994 1899 1178 1964 clementer
1195 1895 1274 1963 insi·

107 2027 134 2065 ss
150 2015 278 2066 naaret.
297 2004 371 2089 lpse
389 2023 482 2080 vero,
497 2000 646 2089 inposito
660 2001 673 2089 ΙΙ
689 2000 804 2065 salutis
819 2000 916 2090 signo
933 1994 1106 2065 brachium
1121 1999 1273 2064 sanitatis
1284 2011 1339 2060 col.
1354 2012 1407 2060 trs.

149 2101 307 2168 restituit.
339 2101 398 2166 llle
426 2114 535 2166 autem
558 2104 592 2166 in
626 2103 744 2166 eodem
773 2103 850 2166 loco
878 2121 1076 2180 conversus,
1099 2113 1274 2165 tonsorato

149 2201 276 2293 capite,
311 2203 527 2269 fidelissimus
562 2204 745 2268 monachus
779 2223 869 2268 nunc
901 2205 1055 2269 habetur.
1084 2207 1159 2269 Duo
1193 2219 1273 2266 vero

149 2308 270 2385 duces,
284 2307 340 2395 qui
362 2329 437 2371 enm
459 2306 653 2385 audierant,
681 2307 866 2371 incolomes
885 2309 1012 2396 patriae
1033 2305 1154 2371 redditi
1173 2318 1271 2384 sunt3

149 2410 301 2498 quivero
322 2420 598 2495 contempserunt
622 2420 838 2495 praeceptum
865 2409 956 2484 eius,
982 2405 1219 2471 miserabiliter
1238 2407 1273 2470 in

107 2533 134 2574 aa
149 2511 221 2598 ipsa
242 2508 414 2598 provincia
441 2521 518 2573 sunt
540 2508 701 2574 defuncti.
730 2508 825 2572 hlulti
852 2521 962 2574 autent
987 2530 1026 2572 ex
1050 2507 1133 2596 ipsis
1157 2507 1273 2572 adae-

150 2610 304 2676 monibus
325 2610 490 2699 correpti,
511 2611 722 2674 clamabantt
745 2632 761 2673 a
784 2615 878 2694 Qnur
898 2633 977 2689 nos,
997 2621 1111 2675 sancte
1133 2634 1170 2674 ac
1193 2611 1272 2674 bea-

148 2712 293 2790 tissime,
328 2714 375 2775 sic
412 2714 539 2776 crucias
577 2724 611 2776 et
652 2711 830 2776 incendis?
869 2736 885 2773 a
926 2712 993 2777 Sed
1030 2711 1211 2800 inpositam
1242 2711 1273 2776 ei

151 2837 293 2908 manum,
321 2815 504 2878 mundabat
521 2839 589 2878 cos.
611 2818 692 2879 Post
712 2816 794 2878 hacc
812 2815 913 2878 homo
933 2827 1004 2878 erat
1024 2813 1273 2878 Andecavensis

151 2916 271 2992 incola,
287 2915 344 3004 qui
360 2939 420 3004 per
439 2913 574 2980 nimiam
590 2917 717 2980 febrem
734 2914 902 3004 eloquium
917 2915 1044 3003 pariter
1056 2914 1273 3003 auditumque

106 3047 132 3085 aa
149 3016 358 3106 perdirlcrat3
380 3030 504 3081 etcum
525 3018 638 3082 febrae
657 3015 897 3093 convaluisset,
918 3017 1039 3081 surdus
1055 3018 1274 3106 permanebat

149 3145 185 3186 ac
205 3132 328 3185 mutus.
349 3117 454 3208 lgitur
469 3120 631 3184 diaconus
649 3143 688 3184 ex
709 3118 875 3208 provintia
891 3117 948 3182 illa
966 3121 1103 3184 Romam
1124 3117 1273 3182 directus

149 3234 218 3300 est,
241 3233 277 3285 nt
292 3223 464 3286 beatorum
483 3222 712 3310 apostolorum
729 3220 870 3310 pignora
888 3220 939 3284 vel
956 3221 1161 3309 reliquorum
1181 3241 1273 3284 sanc·

149 3337 270 3400 torum,
292 3323 346 3411 qui
364 3325 477 3387 urbem
494 3324 583 3386 illam
605 3325 778 3399 muniunt,
799 3324 985 3386 exhiberet.
1016 3322 1113 3404 Quod
1136 3322 1272 3385 eumad

149 3437 304 3514 parentes
322 3425 445 3488 infirmi
466 3424 555 3488 illius
573 3425 796 3514 pervenisset,
825 3423 838 3512 ll
860 3405 999 3513 rogant,
1017 3437 1054 3487 ut
1076 3443 1150 3487 eum
1168 3422 1273 3487 comi·
1286 3439 1342 3486 Fol.
1355 3441 1393 3487 aa.

106 3557 134 3593 :n
149 3541 216 3591 tem
235 3526 389 3608 it[in]eris
409 3548 538 3590 sumere
556 3526 765 3615 dignaretur,
780 3525 915 3602 confisi,
933 3526 1041 3614 quod,
1064 3523 1275 3590 beatissimo-

149 3651 221 3693 rum
242 3628 470 3715 apostolorum
491 3627 599 3691 adiret
614 3628 810 3715 sepulchra,
831 3629 986 3714 protinus
1008 3627 1117 3716 possit
1136 3627 1272 3715 adsequi

151 3728 362 3792 medicinam.
388 3730 553 3792 Euntibus
582 3727 796 3807 autemillis,
820 3729 1043 3793 veneruntad
1069 3727 1198 3806 lacum,
1217 3727 1275 3792 ubi

150 3832 267 3895 beatus
300 3828 478 3917 hospicius
505 3828 689 3894 habitabat.
724 3833 798 3912 Quo
829 3829 971 3894 salutato
994 3851 1032 3893 aa
1062 3828 1272 3909 deosculato,

150 3953 265 3996 causas
281 3929 419 3996 iteneris
438 3931 557 4020 pandit
576 3953 613 3995 ac
629 3931 797 4019 proficisci
815 3957 850 3996 se
867 3935 1005 3998 Romam
1022 3930 1157 3996 indecat
1172 3947 1276 4021 seque

106 4063 135 4103 ss
149 4031 201 4098 his
225 4033 281 4122 qui
313 4047 429 4100 saneto
460 4034 532 4098 viro
562 4035 603 4098 de
634 4034 731 4099 cleris
759 4035 856 4100 antici
890 4047 1004 4100 essent
1041 4035 1275 4099 commendare

150 4135 315 4223 deposcit.
339 4138 490 4225 Cumque
515 4134 561 4199 ibi
585 4136 694 4199 adhuc
715 4147 913 4214 moraretur,
942 4134 1048 4199 sensit
1076 4135 1127 4199 tir
1158 4136 1274 4200 beatus

150 4253 211 4326 per
245 4237 398 4328 spiritum
428 4235 562 4303 Domini
594 4237 712 4302 adesse
747 4237 921 4316 virtutem3
956 4249 990 4302 et
1017 4235 1064 4300 ait
1091 4233 1234 4300 diacono
1264 4251 1272 4301 t

152 4362 169 4396 a
187 4336 377 4408 lnflrmam,
396 4337 452 4426 qui
471 4361 583 4401 eomes
601 4335 648 4402 tui
675 4355 765 4402 nanc
783 4351 834 4401 est
854 4337 1011 4418 iteneris,
1038 4353 1121 4426 tago
1138 4347 1176 4400 ut
1191 4335 1274 4402 tttels
