<?xml version="1.0" encoding="UTF-8"?>
<!DOCTYPE html PUBLIC "-//W3C//DTD XHTML 1.0 Transitional//EN"
    "http://www.w3.org/TR/xhtml1/DTD/xhtml1-transitional.dtd">
<html xmlns="http://www.w3.org/1999/xhtml" xml:lang="en" lang="en">
 <head>
  <title>
</title>
<meta http-equiv="Content-Type" content="text/html;charset=utf-8" />
  <meta name='ocr-system' content='tesseract 3.04.00' />
  <meta name='ocr-capabilities' content='ocr_page ocr_carea ocr_par ocr_line ocrx_word'/>
</head>
<body>
  <div class='ocr_page' id='page_1' title='image "./grgoiredetoursh00greggoog_0221.png"; bbox 0 0 3256 5144; ppageno 0'>
   <div class='ocr_carea' id='block_1_1' title="bbox 423 436 1268 488">
    <p class='ocr_par' dir='ltr' id='par_1_1' title="bbox 423 436 1268 488">
     <span class='ocr_line' id='line_1_1' title="bbox 423 436 1268 488; baseline 0.005 -4"><span class='ocrx_word' id='word_1_1' title='bbox 423 437 587 486; x_wconf 84' lang='lat' dir='ltr'>HISTORIAE</span> <span class='ocrx_word' id='word_1_2' title='bbox 606 436 806 486; x_wconf 78' lang='lat' dir='ltr'>Fuauuouuu</span> <span class='ocrx_word' id='word_1_3' title='bbox 823 437 920 486; x_wconf 81' lang='lat' dir='ltr'>LIBER</span> <span class='ocrx_word' id='word_1_4' title='bbox 937 438 966 485; x_wconf 80' lang='lat' dir='ltr'>V.</span> <span class='ocrx_word' id='word_1_5' title='bbox 1223 439 1268 488; x_wconf 77' lang='lat'>159</span> 
     </span>
    </p>
   </div>
   <div class='ocr_carea' id='block_1_2' title="bbox 87 552 1414 4131">
    <p class='ocr_par' dir='ltr' id='par_1_2' title="bbox 87 552 1414 4131">
     <span class='ocr_line' id='line_1_2' title="bbox 146 552 1268 647; baseline 0.004 -30"><span class='ocrx_word' id='word_1_6' title='bbox 146 552 262 618; x_wconf 80' lang='lat' dir='ltr'>risum.</span> <span class='ocrx_word' id='word_1_7' title='bbox 295 554 353 619; x_wconf 89' lang='lat' dir='ltr'>llle</span> <span class='ocrx_word' id='word_1_8' title='bbox 382 577 460 619; x_wconf 89' lang='lat' dir='ltr'>vero</span> <span class='ocrx_word' id='word_1_9' title='bbox 501 553 592 618; x_wconf 86' lang='lat' dir='ltr'><strong>misit</strong></span> <span class='ocrx_word' id='word_1_10' title='bbox 629 553 729 635; x_wconf 88' lang='lat' dir='ltr'>alios,</span> <span class='ocrx_word' id='word_1_11' title='bbox 771 553 828 644; x_wconf 92' lang='lat' dir='ltr'>qui</span> <span class='ocrx_word' id='word_1_12' title='bbox 857 568 1063 620; x_wconf 86' lang='lat' dir='ltr'>sacramenta</span> <span class='ocrx_word' id='word_1_13' title='bbox 1095 555 1268 647; x_wconf 77' lang='lat' dir='ltr'>exigerent</span> 
     </span>
     <span class='ocr_line' id='line_1_3' title="bbox 146 654 1263 748; baseline 0.001 -27"><span class='ocrx_word' id='word_1_14' title='bbox 146 658 418 736; x_wconf 86' lang='lat' dir='ltr'>Guntchramno,</span> <span class='ocrx_word' id='word_1_15' title='bbox 434 669 470 720; x_wconf 92' lang='lat' dir='ltr'>ut</span> <span class='ocrx_word' id='word_1_16' title='bbox 491 657 562 721; x_wconf 92' lang='lat' dir='ltr'>sine</span> <span class='ocrx_word' id='word_1_17' title='bbox 581 654 651 721; x_wconf 90' lang='lat' dir='ltr'>eius</span> <span class='ocrx_word' id='word_1_18' title='bbox 670 655 843 721; x_wconf 88' lang='lat' dir='ltr'>scientiam</span> <span class='ocrx_word' id='word_1_19' title='bbox 859 655 1030 722; x_wconf 78' lang='lat' dir='ltr'>basilicam</span> <span class='ocrx_word' id='word_1_20' title='bbox 1046 658 1263 748; x_wconf 87' lang='lat' dir='ltr'>relinqueret.</span> 
     </span>
     <span class='ocr_line' id='line_1_4' title="bbox 145 758 1263 849; baseline 0.002 -25"><span class='ocrx_word' id='word_1_21' title='bbox 145 760 209 844; x_wconf 92' lang='lat' dir='ltr'>Qui</span> <span class='ocrx_word' id='word_1_22' title='bbox 237 758 422 824; x_wconf 81' lang='lat' dir='ltr'>ambienter</span> <span class='ocrx_word' id='word_1_23' title='bbox 443 759 575 838; x_wconf 87' lang='lat' dir='ltr'>iurans,</span> <span class='ocrx_word' id='word_1_24' title='bbox 599 758 720 849; x_wconf 88' lang='lat' dir='ltr'>pallam</span> <span class='ocrx_word' id='word_1_25' title='bbox 748 758 860 824; x_wconf 87' lang='lat' dir='ltr'>altaris</span> <span class='ocrx_word' id='word_1_26' title='bbox 889 759 1119 826; x_wconf 89' lang='lat' dir='ltr'>fideiussorem</span> <span class='ocrx_word' id='word_1_27' title='bbox 1153 762 1263 843; x_wconf 80' lang='lat' dir='ltr'>dedit,</span> 
     </span>
     <span class='ocr_line' id='line_1_5' title="bbox 144 860 1266 952; baseline 0.003 -26"><span class='ocrx_word' id='word_1_28' title='bbox 144 885 325 950; x_wconf 89' lang='lat' dir='ltr'><strong>numquam</strong></span> <span class='ocrx_word' id='word_1_29' title='bbox 343 887 378 926; x_wconf 89' lang='lat' dir='ltr'>se</span> <span class='ocrx_word' id='word_1_30' title='bbox 401 860 521 926; x_wconf 82' lang='lat' dir='ltr'>exinde</span> <span class='ocrx_word' id='word_1_31' title='bbox 543 861 614 925; x_wconf 91' lang='lat' dir='ltr'>sine</span> <span class='ocrx_word' id='word_1_32' title='bbox 639 863 788 926; x_wconf 87' lang='lat' dir='ltr'>iussione</span> <span class='ocrx_word' id='word_1_33' title='bbox 814 885 892 952; x_wconf 87' lang='lat' dir='ltr'>rege</span> <span class='ocrx_word' id='word_1_34' title='bbox 911 885 1134 952; x_wconf 86' lang='lat' dir='ltr'>egressurum.</span> <span class='ocrx_word' id='word_1_35' title='bbox 1155 867 1266 929; x_wconf 89' lang='lat' dir='ltr'>Mero·</span> 
     </span>
     <span class='ocr_line' id='line_1_6' title="bbox 112 961 1266 1054; baseline 0.003 -27"><span class='ocrx_word' id='word_1_36' title='bbox 112 965 266 1029; x_wconf 81' lang='lat' dir='ltr'>svcchos</span> <span class='ocrx_word' id='word_1_37' title='bbox 290 988 368 1031; x_wconf 84' lang='lat' dir='ltr'>vero</span> <span class='ocrx_word' id='word_1_38' title='bbox 395 987 462 1028; x_wconf 91' lang='lat' dir='ltr'>non</span> <span class='ocrx_word' id='word_1_39' title='bbox 494 963 634 1028; x_wconf 86' lang='lat' dir='ltr'>credens</span> <span class='ocrx_word' id='word_1_40' title='bbox 666 961 894 1051; x_wconf 81' lang='lat' dir='ltr'>phitonissas,</span> <span class='ocrx_word' id='word_1_41' title='bbox 926 976 994 1029; x_wconf 88' lang='lat' dir='ltr'>tres</span> <span class='ocrx_word' id='word_1_42' title='bbox 1027 965 1132 1030; x_wconf 92' lang='lat' dir='ltr'>libros</span> <span class='ocrx_word' id='word_1_43' title='bbox 1166 989 1266 1054; x_wconf 88' lang='lat' dir='ltr'>super</span> 
     </span>
     <span class='ocr_line' id='line_1_7' title="bbox 145 1057 1264 1158; baseline 0.002 -28"><span class='ocrx_word' id='word_1_44' title='bbox 145 1066 250 1131; x_wconf 86' lang='lat' dir='ltr'>sancti</span> <span class='ocrx_word' id='word_1_45' title='bbox 270 1066 484 1155; x_wconf 80' lang='lat' dir='ltr'>sepulchrum</span> <span class='ocrx_word' id='word_1_46' title='bbox 504 1057 634 1154; x_wconf 87' lang='lat' dir='ltr'>posuit,</span> <span class='ocrx_word' id='word_1_47' title='bbox 651 1063 685 1129; x_wconf 91' lang='lat' dir='ltr'>id</span> <span class='ocrx_word' id='word_1_48' title='bbox 706 1077 757 1129; x_wconf 89' lang='lat' dir='ltr'>est</span> <span class='ocrx_word' id='word_1_49' title='bbox 773 1064 939 1144; x_wconf 88' lang='lat' dir='ltr'>Psalterii,</span> <span class='ocrx_word' id='word_1_50' title='bbox 961 1069 1101 1157; x_wconf 84' lang='lat' dir='ltr'>Regum,</span> <span class='ocrx_word' id='word_1_51' title='bbox 1116 1070 1264 1158; x_wconf 86' lang='lat' dir='ltr'>Euange-</span> 
     </span>
     <span class='ocr_line' id='line_1_8' title="bbox 143 1165 1264 1260; baseline 0.002 -27"><span class='ocrx_word' id='word_1_52' title='bbox 143 1165 277 1247; x_wconf 87' lang='lat' dir='ltr'>liorum,</span> <span class='ocrx_word' id='word_1_53' title='bbox 296 1182 330 1235; x_wconf 90' lang='lat' dir='ltr'>et</span> <span class='ocrx_word' id='word_1_54' title='bbox 347 1169 489 1260; x_wconf 84' lang='lat' dir='ltr'>vigilans</span> <span class='ocrx_word' id='word_1_55' title='bbox 506 1181 576 1234; x_wconf 87' lang='lat' dir='ltr'>tota</span> <span class='ocrx_word' id='word_1_56' title='bbox 595 1180 706 1246; x_wconf 90' lang='lat' dir='ltr'>nocte,</span> <span class='ocrx_word' id='word_1_57' title='bbox 729 1167 839 1257; x_wconf 89' lang='lat' dir='ltr'>petiit,</span> <span class='ocrx_word' id='word_1_58' title='bbox 860 1181 896 1232; x_wconf 88' lang='lat' dir='ltr'>ut</span> <span class='ocrx_word' id='word_1_59' title='bbox 912 1167 977 1233; x_wconf 90' lang='lat' dir='ltr'>sibi</span> <span class='ocrx_word' id='word_1_60' title='bbox 999 1171 1117 1235; x_wconf 87' lang='lat' dir='ltr'>beatus</span> <span class='ocrx_word' id='word_1_61' title='bbox 1133 1171 1264 1236; x_wconf 87' lang='lat' dir='ltr'>coufes-</span> 
     </span>
     <span class='ocr_line' id='line_1_9' title="bbox 144 1270 1263 1364; baseline 0.003 -29"><span class='ocrx_word' id='word_1_62' title='bbox 144 1295 199 1336; x_wconf 92' lang='lat' dir='ltr'>sor</span> <span class='ocrx_word' id='word_1_63' title='bbox 236 1271 316 1361; x_wconf 92' lang='lat' dir='ltr'>quid</span> <span class='ocrx_word' id='word_1_64' title='bbox 354 1270 502 1338; x_wconf 83' lang='lat' dir='ltr'>evenerit</span> <span class='ocrx_word' id='word_1_65' title='bbox 535 1271 747 1348; x_wconf 90' lang='lat' dir='ltr'>ostenderet,</span> <span class='ocrx_word' id='word_1_66' title='bbox 783 1283 816 1336; x_wconf 92' lang='lat' dir='ltr'>et</span> <span class='ocrx_word' id='word_1_67' title='bbox 843 1282 953 1336; x_wconf 90' lang='lat' dir='ltr'>utrum</span> <span class='ocrx_word' id='word_1_68' title='bbox 984 1271 1090 1360; x_wconf 90' lang='lat' dir='ltr'>possit</span> <span class='ocrx_word' id='word_1_69' title='bbox 1124 1297 1263 1364; x_wconf 87' lang='lat' dir='ltr'>regnum</span> 
     </span>
     <span class='ocr_line' id='line_1_10' title="bbox 143 1373 1263 1466; baseline 0.003 -28"><span class='ocrx_word' id='word_1_70' title='bbox 143 1397 314 1462; x_wconf 87' lang='lat' dir='ltr'>accepere,</span> <span class='ocrx_word' id='word_1_71' title='bbox 337 1399 378 1440; x_wconf 89' lang='lat' dir='ltr'>an</span> <span class='ocrx_word' id='word_1_72' title='bbox 396 1397 475 1457; x_wconf 90' lang='lat' dir='ltr'>non,</span> <span class='ocrx_word' id='word_1_73' title='bbox 496 1373 680 1452; x_wconf 87' lang='lat' dir='ltr'>indicante,</span> <span class='ocrx_word' id='word_1_74' title='bbox 698 1386 930 1466; x_wconf 82' lang='lat' dir='ltr'>cognusceret.</span> <span class='ocrx_word' id='word_1_75' title='bbox 952 1376 1032 1440; x_wconf 89' lang='lat' dir='ltr'>Post</span> <span class='ocrx_word' id='word_1_76' title='bbox 1051 1377 1134 1440; x_wconf 91' lang='lat' dir='ltr'>haec</span> <span class='ocrx_word' id='word_1_77' title='bbox 1155 1377 1263 1441; x_wconf 89' lang='lat' dir='ltr'>conti-</span> 
     </span>
     <span class='ocr_line' id='line_1_11' title="bbox 100 1475 1262 1567; baseline 0.002 -26"><span class='ocrx_word' id='word_1_78' title='bbox 100 1500 127 1541; x_wconf 74' lang='grc' dir='ltr'>ιο</span> <span class='ocrx_word' id='word_1_79' title='bbox 143 1490 243 1542; x_wconf 85' lang='lat' dir='ltr'>nuato</span> <span class='ocrx_word' id='word_1_80' title='bbox 260 1477 371 1542; x_wconf 90' lang='lat' dir='ltr'>triduo</span> <span class='ocrx_word' id='word_1_81' title='bbox 391 1477 425 1542; x_wconf 93' lang='lat' dir='ltr'>iu</span> <span class='ocrx_word' id='word_1_82' title='bbox 444 1475 591 1555; x_wconf 90' lang='lat' dir='ltr'>ieiuniis,</span> <span class='ocrx_word' id='word_1_83' title='bbox 606 1475 730 1567; x_wconf 87' lang='lat' dir='ltr'>vigiliis</span> <span class='ocrx_word' id='word_1_84' title='bbox 744 1488 842 1564; x_wconf 87' lang='lat' dir='ltr'>atque</span> <span class='ocrx_word' id='word_1_85' title='bbox 861 1475 1081 1557; x_wconf 84' lang='lat' dir='ltr'>orationibus,</span> <span class='ocrx_word' id='word_1_86' title='bbox 1099 1479 1140 1543; x_wconf 86' lang='lat' dir='ltr'>ad</span> <span class='ocrx_word' id='word_1_87' title='bbox 1158 1491 1262 1543; x_wconf 90' lang='lat' dir='ltr'>tumo-</span> 
     </span>
     <span class='ocr_line' id='line_1_12' title="bbox 141 1577 1262 1670; baseline 0.002 -26"><span class='ocrx_word' id='word_1_88' title='bbox 141 1579 209 1645; x_wconf 91' lang='lat' dir='ltr'>lum</span> <span class='ocrx_word' id='word_1_89' title='bbox 235 1579 418 1660; x_wconf 89' lang='lat' dir='ltr'>accedens,</span> <span class='ocrx_word' id='word_1_90' title='bbox 443 1577 582 1644; x_wconf 88' lang='lat' dir='ltr'>revolvit</span> <span class='ocrx_word' id='word_1_91' title='bbox 610 1577 750 1659; x_wconf 88' lang='lat' dir='ltr'>librum,</span> <span class='ocrx_word' id='word_1_92' title='bbox 784 1577 841 1667; x_wconf 91' lang='lat' dir='ltr'>qui</span> <span class='ocrx_word' id='word_1_93' title='bbox 868 1591 939 1644; x_wconf 88' lang='lat' dir='ltr'>erat</span> <span class='ocrx_word' id='word_1_94' title='bbox 972 1580 1111 1670; x_wconf 84' lang='lat' dir='ltr'>Regum.</span> <span class='ocrx_word' id='word_1_95' title='bbox 1140 1584 1262 1648; x_wconf 87' lang='lat' dir='ltr'>Versus</span> 
     </span>
     <span class='ocr_line' id='line_1_13' title="bbox 142 1681 1262 1772; baseline 0.001 -24"><span class='ocrx_word' id='word_1_96' title='bbox 142 1695 250 1749; x_wconf 86' lang='lat' dir='ltr'>autem</span> <span class='ocrx_word' id='word_1_97' title='bbox 273 1682 400 1772; x_wconf 90' lang='lat' dir='ltr'>primus</span> <span class='ocrx_word' id='word_1_98' title='bbox 426 1682 586 1771; x_wconf 84' lang='lat' dir='ltr'>paginae,</span> <span class='ocrx_word' id='word_1_99' title='bbox 612 1705 710 1770; x_wconf 92' lang='lat' dir='ltr'>quam</span> <span class='ocrx_word' id='word_1_100' title='bbox 736 1681 911 1762; x_wconf 86' lang='lat' dir='ltr'>reseravit,</span> <span class='ocrx_word' id='word_1_101' title='bbox 936 1681 992 1748; x_wconf 93' lang='lat' dir='ltr'>hic</span> <span class='ocrx_word' id='word_1_102' title='bbox 1017 1696 1087 1748; x_wconf 87' lang='lat' dir='ltr'>erat</span> <span class='ocrx_word' id='word_1_103' title='bbox 1107 1710 1114 1746; x_wconf 78' lang='grc' dir='ltr'><strong><em>ε</em></strong></span> <span class='ocrx_word' id='word_1_104' title='bbox 1136 1686 1204 1750; x_wconf 84' lang='lat' dir='ltr'>Pro</span> <span class='ocrx_word' id='word_1_105' title='bbox 1226 1709 1262 1750; x_wconf 85' lang='lat' dir='ltr'>eo</span> 
     </span>
     <span class='ocr_line' id='line_1_14' title="bbox 140 1786 1262 1876; baseline 0.003 -26"><span class='ocrx_word' id='word_1_106' title='bbox 140 1787 228 1876; x_wconf 87' lang='lat' dir='ltr'>quod</span> <span class='ocrx_word' id='word_1_107' title='bbox 239 1786 457 1876; x_wconf 81' lang='lat' dir='ltr'>dereliquistis</span> <span class='ocrx_word' id='word_1_108' title='bbox 474 1787 639 1850; x_wconf 83' lang='lat' dir='ltr'>domiuum</span> <span class='ocrx_word' id='word_1_109' title='bbox 658 1787 762 1848; x_wconf 84' lang='lat' dir='ltr'>Deum</span> <span class='ocrx_word' id='word_1_110' title='bbox 774 1799 915 1851; x_wconf 76' lang='lat' dir='ltr'>cestrum</span> <span class='ocrx_word' id='word_1_111' title='bbox 933 1800 963 1849; x_wconf 84' lang='lat' dir='ltr'>et</span> <span class='ocrx_word' id='word_1_112' title='bbox 975 1787 1171 1866; x_wconf 73' lang='lat' dir='ltr'>ambulastis</span> <span class='ocrx_word' id='word_1_113' title='bbox 1183 1803 1262 1876; x_wconf 85' lang='lat' dir='ltr'>post</span> 
     </span>
     <span class='ocr_line' id='line_1_15' title="bbox 139 1889 1261 1979; baseline 0.004 -25"><span class='ocrx_word' id='word_1_114' title='bbox 139 1889 215 1955; x_wconf 86' lang='lat' dir='ltr'>deos</span> <span class='ocrx_word' id='word_1_115' title='bbox 233 1889 358 1954; x_wconf 83' lang='lat' dir='ltr'>alienos</span> <span class='ocrx_word' id='word_1_116' title='bbox 375 1914 434 1954; x_wconf 85' lang='lat' dir='ltr'>nec</span> <span class='ocrx_word' id='word_1_117' title='bbox 454 1891 579 1979; x_wconf 75' lang='lat' dir='ltr'>fhcistis</span> <span class='ocrx_word' id='word_1_118' title='bbox 601 1903 725 1954; x_wconf 81' lang='lat' dir='ltr'>rectum</span> <span class='ocrx_word' id='word_1_119' title='bbox 747 1902 823 1952; x_wconf 86' lang='lat' dir='ltr'>ante</span> <span class='ocrx_word' id='word_1_120' title='bbox 842 1903 1048 1976; x_wconf 85' lang='lat' dir='ltr'>conspectum</span> <span class='ocrx_word' id='word_1_121' title='bbox 1076 1895 1164 1970; x_wconf 82' lang='lat' dir='ltr'>eius,</span> <span class='ocrx_word' id='word_1_122' title='bbox 1190 1892 1261 1958; x_wconf 85' lang='lat' dir='ltr'>idea</span> 
     </span>
     <span class='ocr_line' id='line_1_16' title="bbox 99 1993 1260 2060; baseline 0.006 -7"><span class='ocrx_word' id='word_1_123' title='bbox 99 2013 127 2053; x_wconf 80' lang='lat'>15</span> <span class='ocrx_word' id='word_1_124' title='bbox 142 1993 251 2056; x_wconf 85' lang='lat' dir='ltr'>tradet</span> <span class='ocrx_word' id='word_1_125' title='bbox 272 2017 327 2056; x_wconf 79' lang='lat' dir='ltr'>cos</span> <span class='ocrx_word' id='word_1_126' title='bbox 348 1993 499 2056; x_wconf 83' lang='lat' dir='ltr'>dominus</span> <span class='ocrx_word' id='word_1_127' title='bbox 520 1993 609 2056; x_wconf 88' lang='lat' dir='ltr'>Deus</span> <span class='ocrx_word' id='word_1_128' title='bbox 633 2006 736 2056; x_wconf 82' lang='lat' dir='ltr'>vester·</span> <span class='ocrx_word' id='word_1_129' title='bbox 762 1996 795 2056; x_wconf 81' lang='lat' dir='ltr'>in</span> <span class='ocrx_word' id='word_1_130' title='bbox 822 2015 941 2056; x_wconf 72' lang='lat' dir='ltr'>ananus</span> <span class='ocrx_word' id='word_1_131' title='bbox 962 1997 1168 2058; x_wconf 84' lang='lat' dir='ltr'>inimicorum</span> <span class='ocrx_word' id='word_1_132' title='bbox 1191 2020 1260 2060; x_wconf 80' lang='lat' dir='ltr'>ces·</span> 
     </span>
     <span class='ocr_line' id='line_1_17' title="bbox 140 2093 1259 2162; baseline 0.004 -4"><span class='ocrx_word' id='word_1_133' title='bbox 140 2108 266 2158; x_wconf 85' lang='lat' dir='ltr'>trorum</span> <span class='ocrx_word' id='word_1_134' title='bbox 284 2095 307 2158; x_wconf 80' lang='lat'>¹.</span> <span class='ocrx_word' id='word_1_135' title='bbox 329 2093 484 2160; x_wconf 87' lang='lat' dir='ltr'>Psalterii</span> <span class='ocrx_word' id='word_1_136' title='bbox 505 2106 614 2159; x_wconf 88' lang='lat' dir='ltr'>autem</span> <span class='ocrx_word' id='word_1_137' title='bbox 632 2118 747 2158; x_wconf 89' lang='lat' dir='ltr'>versus</span> <span class='ocrx_word' id='word_1_138' title='bbox 772 2095 827 2158; x_wconf 94' lang='lat' dir='ltr'>hic</span> <span class='ocrx_word' id='word_1_139' title='bbox 855 2106 906 2160; x_wconf 88' lang='lat' dir='ltr'>est</span> <span class='ocrx_word' id='word_1_140' title='bbox 923 2093 1079 2160; x_wconf 89' lang='lat' dir='ltr'>inventus</span> <span class='ocrx_word' id='word_1_141' title='bbox 1104 2122 1110 2158; x_wconf 93' lang='lat'>:</span> <span class='ocrx_word' id='word_1_142' title='bbox 1145 2097 1259 2162; x_wconf 83' lang='lat' dir='ltr'>Verum</span> 
     </span>
     <span class='ocr_line' id='line_1_18' title="bbox 134 2196 1339 2290; baseline 0.006 -29"><span class='ocrx_word' id='word_1_143' title='bbox 134 2211 272 2290; x_wconf 83' lang='lat' dir='ltr'>propter</span> <span class='ocrx_word' id='word_1_144' title='bbox 285 2197 488 2262; x_wconf 81' lang='lat' dir='ltr'>dolositatem</span> <span class='ocrx_word' id='word_1_145' title='bbox 499 2201 645 2286; x_wconf 80' lang='lat' dir='ltr'>posuisti</span> <span class='ocrx_word' id='word_1_146' title='bbox 660 2200 705 2260; x_wconf 86' lang='lat' dir='ltr'>eis</span> <span class='ocrx_word' id='word_1_147' title='bbox 725 2196 837 2278; x_wconf 88' lang='lat' dir='ltr'>mala,·</span> <span class='ocrx_word' id='word_1_148' title='bbox 854 2197 1001 2262; x_wconf 81' lang='lat' dir='ltr'>deiecisti</span> <span class='ocrx_word' id='word_1_149' title='bbox 1010 2223 1076 2276; x_wconf 89' lang='lat' dir='ltr'>eos,</span> <span class='ocrx_word' id='word_1_150' title='bbox 1089 2200 1166 2262; x_wconf 90' lang='lat' dir='ltr'>dum</span> <span class='ocrx_word' id='word_1_151' title='bbox 1177 2199 1227 2264; x_wconf 86' lang='lat' dir='ltr'>all</span> <span class='ocrx_word' id='word_1_152' title='bbox 1243 2237 1259 2252; x_wconf 90' lang='lat'><strong>·</strong></span> <span class='ocrx_word' id='word_1_153' title='bbox 1338 2257 1339 2268; x_wconf 70' lang='lat'>.</span> 
     </span>
     <span class='ocr_line' id='line_1_19' title="bbox 139 2299 1258 2392; baseline 0.004 -30"><span class='ocrx_word' id='word_1_154' title='bbox 139 2315 307 2364; x_wconf 63' lang='lat' dir='ltr'>darentur.</span> <span class='ocrx_word' id='word_1_155' title='bbox 333 2301 501 2388; x_wconf 83' lang='lat' dir='ltr'>Quomodo</span> <span class='ocrx_word' id='word_1_156' title='bbox 517 2301 603 2389; x_wconf 77' lang='lat' dir='ltr'>facti</span> <span class='ocrx_word' id='word_1_157' title='bbox 618 2313 696 2363; x_wconf 88' lang='lat' dir='ltr'>suut</span> <span class='ocrx_word' id='word_1_158' title='bbox 710 2304 743 2362; x_wconf 84' lang='lat' dir='ltr'>ia</span> <span class='ocrx_word' id='word_1_159' title='bbox 760 2299 989 2365; x_wconf 68' lang='lat' dir='ltr'>desolatione.l</span> <span class='ocrx_word' id='word_1_160' title='bbox 1004 2301 1117 2365; x_wconf 83' lang='lat' dir='ltr'>Subito</span> <span class='ocrx_word' id='word_1_161' title='bbox 1133 2303 1258 2392; x_wconf 82' lang='lat' dir='ltr'>desece-</span> 
     </span>
     <span class='ocr_line' id='line_1_20' title="bbox 137 2403 1258 2494; baseline 0.004 -28"><span class='ocrx_word' id='word_1_162' title='bbox 137 2415 216 2466; x_wconf 83' lang='lat' dir='ltr'>rurtt</span> <span class='ocrx_word' id='word_1_163' title='bbox 240 2415 270 2466; x_wconf 86' lang='lat' dir='ltr'>et</span> <span class='ocrx_word' id='word_1_164' title='bbox 289 2409 461 2492; x_wconf 83' lang='lat' dir='ltr'>perierunt</span> <span class='ocrx_word' id='word_1_165' title='bbox 479 2417 615 2492; x_wconf 82' lang='lat' dir='ltr'>propter·</span> <span class='ocrx_word' id='word_1_166' title='bbox 641 2407 829 2492; x_wconf 83' lang='lat' dir='ltr'>iniquitates</span> <span class='ocrx_word' id='word_1_167' title='bbox 854 2403 970 2466; x_wconf 66' lang='lat' dir='ltr'>suas2.</span> <span class='ocrx_word' id='word_1_168' title='bbox 1003 2404 1039 2466; x_wconf 91' lang='lat' dir='ltr'>ln</span> <span class='ocrx_word' id='word_1_169' title='bbox 1067 2405 1258 2494; x_wconf 83' lang='lat' dir='ltr'>Euangeliis</span> 
     </span>
     <span class='ocr_line' id='line_1_21' title="bbox 92 2505 1255 2595; baseline 0.004 -28"><span class='ocrx_word' id='word_1_170' title='bbox 92 2530 121 2568; x_wconf 80' lang='lat'>20</span> <span class='ocrx_word' id='word_1_171' title='bbox 137 2517 246 2572; x_wconf 87' lang='lat' dir='ltr'>autem</span> <span class='ocrx_word' id='word_1_172' title='bbox 267 2507 331 2570; x_wconf 92' lang='lat' dir='ltr'>hoc</span> <span class='ocrx_word' id='word_1_173' title='bbox 352 2516 546 2594; x_wconf 89' lang='lat' dir='ltr'>repertum:</span> <span class='ocrx_word' id='word_1_174' title='bbox 568 2507 699 2584; x_wconf 86' lang='lat' dir='ltr'>Sciatis,</span> <span class='ocrx_word' id='word_1_175' title='bbox 720 2510 799 2595; x_wconf 85' lang='lat' dir='ltr'>quia</span> <span class='ocrx_word' id='word_1_176' title='bbox 809 2519 885 2593; x_wconf 84' lang='lat' dir='ltr'>post</span> <span class='ocrx_word' id='word_1_177' title='bbox 896 2505 1028 2568; x_wconf 85' lang='lat' dir='ltr'>biduum</span> <span class='ocrx_word' id='word_1_178' title='bbox 1045 2507 1174 2594; x_wconf 78' lang='lat' dir='ltr'>pascha</span> <span class='ocrx_word' id='word_1_179' title='bbox 1186 2509 1255 2593; x_wconf 77' lang='lat' dir='ltr'>fiet,</span> 
     </span>
     <span class='ocr_line' id='line_1_22' title="bbox 136 2607 1257 2698; baseline 0.004 -28"><span class='ocrx_word' id='word_1_180' title='bbox 136 2620 167 2670; x_wconf 88' lang='lat' dir='ltr'>et</span> <span class='ocrx_word' id='word_1_181' title='bbox 185 2607 291 2672; x_wconf 89' lang='lat' dir='ltr'>Filius</span> <span class='ocrx_word' id='word_1_182' title='bbox 303 2607 442 2672; x_wconf 76' lang='lat' dir='ltr'>bominis</span> <span class='ocrx_word' id='word_1_183' title='bbox 456 2610 612 2686; x_wconf 83' lang='lat' dir='ltr'>traditur,</span> <span class='ocrx_word' id='word_1_184' title='bbox 635 2622 670 2672; x_wconf 88' lang='lat' dir='ltr'>ut</span> <span class='ocrx_word' id='word_1_185' title='bbox 688 2613 780 2672; x_wconf 86' lang='lat' dir='ltr'>cruci</span> <span class='ocrx_word' id='word_1_186' title='bbox 802 2621 905 2696; x_wconf 81' lang='lat' dir='ltr'>gutur·</span> <span class='ocrx_word' id='word_1_187' title='bbox 917 2608 939 2670; x_wconf 86' lang='lat'>3.</span> <span class='ocrx_word' id='word_1_188' title='bbox 964 2609 1000 2672; x_wconf 90' lang='lat' dir='ltr'>lu</span> <span class='ocrx_word' id='word_1_189' title='bbox 1022 2607 1074 2673; x_wconf 90' lang='lat' dir='ltr'>his</span> <span class='ocrx_word' id='word_1_190' title='bbox 1091 2611 1257 2698; x_wconf 87' lang='lat' dir='ltr'>responsi-</span> 
     </span>
     <span class='ocr_line' id='line_1_23' title="bbox 137 2708 1391 2800; baseline 0.002 -27"><span class='ocrx_word' id='word_1_191' title='bbox 137 2711 199 2774; x_wconf 94' lang='lat' dir='ltr'>bus</span> <span class='ocrx_word' id='word_1_192' title='bbox 225 2709 282 2774; x_wconf 89' lang='lat' dir='ltr'>ille</span> <span class='ocrx_word' id='word_1_193' title='bbox 308 2711 483 2792; x_wconf 88' lang='lat' dir='ltr'>confusus,</span> <span class='ocrx_word' id='word_1_194' title='bbox 517 2709 600 2776; x_wconf 87' lang='lat' dir='ltr'>llens</span> <span class='ocrx_word' id='word_1_195' title='bbox 627 2708 827 2800; x_wconf 71' lang='lat' dir='ltr'>diulltissime</span> <span class='ocrx_word' id='word_1_196' title='bbox 854 2710 895 2774; x_wconf 89' lang='lat' dir='ltr'>ad</span> <span class='ocrx_word' id='word_1_197' title='bbox 927 2710 1140 2798; x_wconf 85' lang='lat' dir='ltr'>sepulchrum</span> <span class='ocrx_word' id='word_1_198' title='bbox 1170 2715 1258 2778; x_wconf 88' lang='lat' dir='ltr'>beati</span> <span class='ocrx_word' id='word_1_199' title='bbox 1270 2727 1323 2776; x_wconf 87' lang='lat' dir='ltr'>Col.</span> <span class='ocrx_word' id='word_1_200' title='bbox 1339 2730 1391 2776; x_wconf 73' lang='lat'>219.</span> 
     </span>
     <span class='ocr_line' id='line_1_24' title="bbox 136 2812 1258 2904; baseline 0.007 -28"><span class='ocrx_word' id='word_1_201' title='bbox 136 2812 321 2891; x_wconf 86' lang='lat' dir='ltr'>antestitis,</span> <span class='ocrx_word' id='word_1_202' title='bbox 351 2812 527 2904; x_wconf 87' lang='lat' dir='ltr'>adsumpto</span> <span class='ocrx_word' id='word_1_203' title='bbox 557 2839 669 2878; x_wconf 88' lang='lat' dir='ltr'>secum</span> <span class='ocrx_word' id='word_1_204' title='bbox 695 2815 982 2879; x_wconf 88' lang='lat' dir='ltr'>Guntchramnum</span> <span class='ocrx_word' id='word_1_205' title='bbox 1012 2814 1150 2894; x_wconf 88' lang='lat' dir='ltr'>ducem,</span> <span class='ocrx_word' id='word_1_206' title='bbox 1184 2841 1258 2884; x_wconf 90' lang='lat' dir='ltr'>cum</span> 
     </span>
     <span class='ocr_line' id='line_1_25' title="bbox 137 2914 1414 3006; baseline 0.004 -26"><span class='ocrx_word' id='word_1_207' title='bbox 137 2917 340 3006; x_wconf 85' lang='lat' dir='ltr'>quingentos</span> <span class='ocrx_word' id='word_1_208' title='bbox 355 2928 412 2980; x_wconf 91' lang='lat' dir='ltr'>aut</span> <span class='ocrx_word' id='word_1_209' title='bbox 427 2940 466 2980; x_wconf 92' lang='lat' dir='ltr'>eo</span> <span class='ocrx_word' id='word_1_210' title='bbox 482 2916 624 3004; x_wconf 91' lang='lat' dir='ltr'>amplius</span> <span class='ocrx_word' id='word_1_211' title='bbox 647 2914 661 3006; x_wconf 74' lang='lat' dir='ltr'>ll</span> <span class='ocrx_word' id='word_1_212' title='bbox 680 2915 760 2980; x_wconf 89' lang='lat' dir='ltr'>viris</span> <span class='ocrx_word' id='word_1_213' title='bbox 781 2914 946 2980; x_wconf 86' lang='lat' dir='ltr'>discessit.</span> <span class='ocrx_word' id='word_1_214' title='bbox 967 2918 1130 3005; x_wconf 84' lang='lat' dir='ltr'>Egressus</span> <span class='ocrx_word' id='word_1_215' title='bbox 1149 2933 1257 2985; x_wconf 87' lang='lat' dir='ltr'>autern</span> <span class='ocrx_word' id='word_1_216' title='bbox 1269 2943 1323 2992; x_wconf 79' lang='lat' dir='ltr'>For.</span> <span class='ocrx_word' id='word_1_217' title='bbox 1337 2948 1366 2992; x_wconf 82' lang='lat'>65</span> <span class='ocrx_word' id='word_1_218' title='bbox 1376 2955 1414 2994; x_wconf 61' lang='lat' dir='ltr'>vo,</span> 
     </span>
     <span class='ocr_line' id='line_1_26' title="bbox 92 3017 1255 3108; baseline 0.005 -28"><span class='ocrx_word' id='word_1_219' title='bbox 92 3041 119 3081; x_wconf 75' lang='lat' dir='ltr'>aa</span> <span class='ocrx_word' id='word_1_220' title='bbox 137 3017 308 3083; x_wconf 84' lang='lat' dir='ltr'>basilicam</span> <span class='ocrx_word' id='word_1_221' title='bbox 331 3030 497 3098; x_wconf 89' lang='lat' dir='ltr'>sanctam,</span> <span class='ocrx_word' id='word_1_222' title='bbox 520 3042 594 3083; x_wconf 88' lang='lat' dir='ltr'>cum</span> <span class='ocrx_word' id='word_1_223' title='bbox 618 3018 683 3083; x_wconf 90' lang='lat' dir='ltr'>iter</span> <span class='ocrx_word' id='word_1_224' title='bbox 702 3030 818 3108; x_wconf 85' lang='lat' dir='ltr'>ageret</span> <span class='ocrx_word' id='word_1_225' title='bbox 840 3042 900 3107; x_wconf 90' lang='lat' dir='ltr'>per</span> <span class='ocrx_word' id='word_1_226' title='bbox 919 3018 1255 3087; x_wconf 82' lang='lat' dir='ltr'>Authisiodoreosem</span> 
     </span>
     <span class='ocr_line' id='line_1_27' title="bbox 136 3119 1257 3212; baseline 0.005 -29"><span class='ocrx_word' id='word_1_227' title='bbox 136 3119 360 3200; x_wconf 89' lang='lat' dir='ltr'>territurium,</span> <span class='ocrx_word' id='word_1_228' title='bbox 393 3122 434 3185; x_wconf 94' lang='lat' dir='ltr'>ab</span> <span class='ocrx_word' id='word_1_229' title='bbox 468 3124 623 3209; x_wconf 90' lang='lat' dir='ltr'>Herpone</span> <span class='ocrx_word' id='word_1_230' title='bbox 661 3120 738 3186; x_wconf 89' lang='lat' dir='ltr'>duci</span> <span class='ocrx_word' id='word_1_231' title='bbox 773 3121 1018 3186; x_wconf 87' lang='lat' dir='ltr'>Guntcbramni</span> <span class='ocrx_word' id='word_1_232' title='bbox 1053 3124 1140 3212; x_wconf 84' lang='lat' dir='ltr'>regis</span> <span class='ocrx_word' id='word_1_233' title='bbox 1177 3148 1257 3189; x_wconf 83' lang='lat' dir='ltr'>con·</span> 
     </span>
     <span class='ocr_line' id='line_1_28' title="bbox 136 3223 1256 3316; baseline 0.004 -28"><span class='ocrx_word' id='word_1_234' title='bbox 136 3225 343 3310; x_wconf 75' lang='lat' dir='ltr'>pt‘aeheusus</span> <span class='ocrx_word' id='word_1_235' title='bbox 361 3234 422 3302; x_wconf 81' lang='lat' dir='ltr'>est.</span> <span class='ocrx_word' id='word_1_236' title='bbox 440 3225 589 3312; x_wconf 89' lang='lat' dir='ltr'>Cumque</span> <span class='ocrx_word' id='word_1_237' title='bbox 606 3223 646 3286; x_wconf 90' lang='lat' dir='ltr'>ab</span> <span class='ocrx_word' id='word_1_238' title='bbox 665 3247 704 3286; x_wconf 94' lang='lat' dir='ltr'>eo</span> <span class='ocrx_word' id='word_1_239' title='bbox 725 3223 952 3303; x_wconf 88' lang='lat' dir='ltr'>deteneretur,</span> <span class='ocrx_word' id='word_1_240' title='bbox 965 3248 1043 3288; x_wconf 87' lang='lat' dir='ltr'>casu</span> <span class='ocrx_word' id='word_1_241' title='bbox 1062 3227 1256 3316; x_wconf 89' lang='lat' dir='ltr'>nescioquo</span> 
     </span>
     <span class='ocr_line' id='line_1_29' title="bbox 136 3323 1255 3416; baseline 0.005 -27"><span class='ocrx_word' id='word_1_242' title='bbox 136 3323 299 3414; x_wconf 88' lang='lat' dir='ltr'>dilapsus,</span> <span class='ocrx_word' id='word_1_243' title='bbox 313 3324 450 3391; x_wconf 87' lang='lat' dir='ltr'>basilica</span> <span class='ocrx_word' id='word_1_244' title='bbox 466 3324 572 3390; x_wconf 90' lang='lat' dir='ltr'>sancti</span> <span class='ocrx_word' id='word_1_245' title='bbox 584 3325 741 3392; x_wconf 83' lang='lat' dir='ltr'>Germani</span> <span class='ocrx_word' id='word_1_246' title='bbox 756 3325 928 3416; x_wconf 87' lang='lat' dir='ltr'>ingressus</span> <span class='ocrx_word' id='word_1_247' title='bbox 940 3339 1001 3390; x_wconf 89' lang='lat' dir='ltr'>est.</span> <span class='ocrx_word' id='word_1_248' title='bbox 1014 3327 1162 3392; x_wconf 90' lang='lat' dir='ltr'>Audiens</span> <span class='ocrx_word' id='word_1_249' title='bbox 1173 3331 1255 3395; x_wconf 88' lang='lat' dir='ltr'>haec</span> 
     </span>
     <span class='ocr_line' id='line_1_30' title="bbox 136 3428 1254 3517; baseline 0.004 -23"><span class='ocrx_word' id='word_1_250' title='bbox 136 3430 409 3494; x_wconf 87' lang='lat' dir='ltr'>Guntchramnus</span> <span class='ocrx_word' id='word_1_251' title='bbox 426 3453 494 3508; x_wconf 91' lang='lat' dir='ltr'>rex,</span> <span class='ocrx_word' id='word_1_252' title='bbox 511 3428 545 3493; x_wconf 93' lang='lat' dir='ltr'>in</span> <span class='ocrx_word' id='word_1_253' title='bbox 557 3430 606 3493; x_wconf 86' lang='lat' dir='ltr'>ira</span> <span class='ocrx_word' id='word_1_254' title='bbox 625 3441 822 3508; x_wconf 90' lang='lat' dir='ltr'>commotus,</span> <span class='ocrx_word' id='word_1_255' title='bbox 838 3431 1028 3517; x_wconf 88' lang='lat' dir='ltr'>Herponem</span> <span class='ocrx_word' id='word_1_256' title='bbox 1046 3432 1131 3498; x_wconf 91' lang='lat' dir='ltr'>LXX</span> <span class='ocrx_word' id='word_1_257' title='bbox 1147 3433 1254 3498; x_wconf 85' lang='lat' dir='ltr'>aureis</span> 
     </span>
     <span class='ocr_line' id='line_1_31' title="bbox 90 3531 1255 3613; baseline 0.007 -20"><span class='ocrx_word' id='word_1_258' title='bbox 90 3557 117 3594; x_wconf 81' lang='lat' dir='ltr'>ao</span> <span class='ocrx_word' id='word_1_259' title='bbox 134 3531 269 3596; x_wconf 89' lang='lat' dir='ltr'>damnat</span> <span class='ocrx_word' id='word_1_260' title='bbox 288 3541 322 3596; x_wconf 91' lang='lat' dir='ltr'>et</span> <span class='ocrx_word' id='word_1_261' title='bbox 337 3533 378 3597; x_wconf 91' lang='lat' dir='ltr'>ab</span> <span class='ocrx_word' id='word_1_262' title='bbox 398 3533 526 3597; x_wconf 90' lang='lat' dir='ltr'>bonore</span> <span class='ocrx_word' id='word_1_263' title='bbox 540 3545 704 3610; x_wconf 85' lang='lat' dir='ltr'>removet,</span> <span class='ocrx_word' id='word_1_264' title='bbox 727 3531 842 3596; x_wconf 90' lang='lat' dir='ltr'>diceus</span> <span class='ocrx_word' id='word_1_265' title='bbox 862 3557 869 3596; x_wconf 92' lang='lat'>:</span> <span class='ocrx_word' id='word_1_266' title='bbox 894 3558 910 3594; x_wconf 75' lang='lat' dir='ltr'>a</span> <span class='ocrx_word' id='word_1_267' title='bbox 929 3535 1134 3613; x_wconf 89' lang='lat' dir='ltr'>Retenuisti,</span> <span class='ocrx_word' id='word_1_268' title='bbox 1157 3547 1194 3600; x_wconf 92' lang='lat' dir='ltr'>ut</span> <span class='ocrx_word' id='word_1_269' title='bbox 1210 3535 1255 3601; x_wconf 89' lang='lat' dir='ltr'>ait</span> 
     </span>
     <span class='ocr_line' id='line_1_32' title="bbox 133 3631 1251 3726; baseline 0.004 -29"><span class='ocrx_word' id='word_1_270' title='bbox 133 3633 234 3698; x_wconf 85' lang='lat' dir='ltr'>irater</span> <span class='ocrx_word' id='word_1_271' title='bbox 253 3657 358 3712; x_wconf 90' lang='lat' dir='ltr'>meus,</span> <span class='ocrx_word' id='word_1_272' title='bbox 381 3631 553 3698; x_wconf 86' lang='lat' dir='ltr'>inimicum</span> <span class='ocrx_word' id='word_1_273' title='bbox 575 3657 681 3697; x_wconf 90' lang='lat' dir='ltr'>suum.</span> <span class='ocrx_word' id='word_1_274' title='bbox 706 3633 842 3717; x_wconf 90' lang='lat' dir='ltr'>Quodsi</span> <span class='ocrx_word' id='word_1_275' title='bbox 856 3635 919 3698; x_wconf 91' lang='lat' dir='ltr'>hoc</span> <span class='ocrx_word' id='word_1_276' title='bbox 937 3635 1046 3699; x_wconf 87' lang='lat' dir='ltr'>facere</span> <span class='ocrx_word' id='word_1_277' title='bbox 1063 3635 1251 3726; x_wconf 81' lang='lat' dir='ltr'>cogitabas,</span> 
     </span>
     <span class='ocr_line' id='line_1_33' title="bbox 133 3733 1252 3829; baseline 0.004 -30"><span class='ocrx_word' id='word_1_278' title='bbox 133 3737 173 3801; x_wconf 87' lang='lat' dir='ltr'>ad</span> <span class='ocrx_word' id='word_1_279' title='bbox 189 3759 241 3800; x_wconf 91' lang='lat' dir='ltr'>me</span> <span class='ocrx_word' id='word_1_280' title='bbox 256 3759 331 3800; x_wconf 87' lang='lat' dir='ltr'>eum</span> <span class='ocrx_word' id='word_1_281' title='bbox 347 3733 493 3800; x_wconf 90' lang='lat' dir='ltr'>debuisti</span> <span class='ocrx_word' id='word_1_282' title='bbox 508 3735 601 3825; x_wconf 89' lang='lat' dir='ltr'>prius</span> <span class='ocrx_word' id='word_1_283' title='bbox 621 3735 805 3814; x_wconf 90' lang='lat' dir='ltr'>adducere;</span> <span class='ocrx_word' id='word_1_284' title='bbox 825 3737 876 3800; x_wconf 92' lang='lat' dir='ltr'>siu</span> <span class='ocrx_word' id='word_1_285' title='bbox 897 3749 1019 3815; x_wconf 87' lang='lat' dir='ltr'>autern,</span> <span class='ocrx_word' id='word_1_286' title='bbox 1037 3762 1099 3802; x_wconf 89' lang='lat' dir='ltr'>nec</span> <span class='ocrx_word' id='word_1_287' title='bbox 1113 3749 1252 3829; x_wconf 87' lang='lat' dir='ltr'>tangere</span> 
     </span>
     <span class='ocr_line' id='line_1_34' title="bbox 133 3835 1250 3927; baseline 0.002 -25"><span class='ocrx_word' id='word_1_288' title='bbox 133 3839 313 3918; x_wconf 87' lang='lat' dir='ltr'>debueras,</span> <span class='ocrx_word' id='word_1_289' title='bbox 340 3861 439 3927; x_wconf 90' lang='lat' dir='ltr'>quem</span> <span class='ocrx_word' id='word_1_290' title='bbox 463 3850 577 3902; x_wconf 91' lang='lat' dir='ltr'>tenere</span> <span class='ocrx_word' id='word_1_291' title='bbox 611 3835 856 3902; x_wconf 84' lang='lat' dir='ltr'>dissimulabas.</span> <span class='ocrx_word' id='word_1_292' title='bbox 892 3865 909 3900; x_wconf 81' lang='lat' dir='ltr'>u</span> <span class='ocrx_word' id='word_1_293' title='bbox 941 3839 1115 3904; x_wconf 86' lang='lat' dir='ltr'>Exercitus</span> <span class='ocrx_word' id='word_1_294' title='bbox 1141 3854 1250 3906; x_wconf 88' lang='lat' dir='ltr'>autem</span> 
     </span>
     <span class='ocr_line' id='line_1_35' title="bbox 133 3939 1250 4030; baseline 0.001 -24"><span class='ocrx_word' id='word_1_295' title='bbox 133 3939 313 4029; x_wconf 87' lang='lat' dir='ltr'>Cbilperici</span> <span class='ocrx_word' id='word_1_296' title='bbox 331 3939 420 4030; x_wconf 86' lang='lat' dir='ltr'>regis</span> <span class='ocrx_word' id='word_1_297' title='bbox 436 3963 541 4029; x_wconf 86' lang='lat' dir='ltr'>usque</span> <span class='ocrx_word' id='word_1_298' title='bbox 553 3943 704 4006; x_wconf 89' lang='lat' dir='ltr'>Toronus</span> <span class='ocrx_word' id='word_1_299' title='bbox 721 3940 903 4022; x_wconf 85' lang='lat' dir='ltr'>accedens,</span> <span class='ocrx_word' id='word_1_300' title='bbox 922 3940 1093 4030; x_wconf 88' lang='lat' dir='ltr'>regionem</span> <span class='ocrx_word' id='word_1_301' title='bbox 1106 3941 1197 4007; x_wconf 88' lang='lat' dir='ltr'>illam</span> <span class='ocrx_word' id='word_1_302' title='bbox 1216 3941 1250 4007; x_wconf 90' lang='lat' dir='ltr'>iu</span> 
     </span>
     <span class='ocr_line' id='line_1_36' title="bbox 87 4039 1251 4131; baseline 0.004 -25"><span class='ocrx_word' id='word_1_303' title='bbox 87 4069 115 4107; x_wconf 78' lang='lat' dir='ltr'>as</span> <span class='ocrx_word' id='word_1_304' title='bbox 131 4043 254 4131; x_wconf 89' lang='lat' dir='ltr'>praeda</span> <span class='ocrx_word' id='word_1_305' title='bbox 280 4039 401 4122; x_wconf 86' lang='lat' dir='ltr'>mittit,</span> <span class='ocrx_word' id='word_1_306' title='bbox 426 4041 601 4108; x_wconf 87' lang='lat' dir='ltr'>succendit</span> <span class='ocrx_word' id='word_1_307' title='bbox 631 4054 729 4131; x_wconf 90' lang='lat' dir='ltr'>atque</span> <span class='ocrx_word' id='word_1_308' title='bbox 762 4056 887 4124; x_wconf 80' lang='lat' dir='ltr'>vastat,</span> <span class='ocrx_word' id='word_1_309' title='bbox 922 4067 984 4107; x_wconf 88' lang='lat' dir='ltr'>nec</span> <span class='ocrx_word' id='word_1_310' title='bbox 1020 4045 1119 4108; x_wconf 90' lang='lat' dir='ltr'>rebus</span> <span class='ocrx_word' id='word_1_311' title='bbox 1144 4045 1251 4111; x_wconf 90' lang='lat' dir='ltr'>sancti</span> 
     </span>
    </p>
   </div>
   <div class='ocr_carea' id='block_1_3' title="bbox 136 4176 1248 4220">
    <p class='ocr_par' dir='ltr' id='par_1_3' title="bbox 136 4176 1248 4220">
     <span class='ocr_line' id='line_1_37' title="bbox 136 4176 1248 4220; baseline 0.003 -12"><span class='ocrx_word' id='word_1_312' title='bbox 136 4176 1248 4220; x_wconf 57' lang='lat'>‘3--·--—·—---——-·-———---·--—--·-------....</span> 
     </span>
    </p>
   </div>
   <div class='ocr_carea' id='block_1_4' title="bbox 162 4297 979 4366">
    <p class='ocr_par' dir='ltr' id='par_1_4' title="bbox 162 4297 979 4366">
     <span class='ocr_line' id='line_1_38' title="bbox 162 4297 979 4366; baseline 0.002 -18"><span class='ocrx_word' id='word_1_313' title='bbox 162 4297 183 4348; x_wconf 90' lang='lat' dir='ltr'>l.</span> <span class='ocrx_word' id='word_1_314' title='bbox 203 4301 441 4366; x_wconf 75' lang='lat' dir='ltr'>111.Reg.a‚o.-</span> <span class='ocrx_word' id='word_1_315' title='bbox 459 4303 480 4350; x_wconf 70' lang='lat'>2.</span> <span class='ocrx_word' id='word_1_316' title='bbox 500 4303 542 4352; x_wconf 86' lang='lat' dir='ltr'>Ps.</span> <span class='ocrx_word' id='word_1_317' title='bbox 557 4303 597 4365; x_wconf 82' lang='lat'>72,</span> <span class='ocrx_word' id='word_1_318' title='bbox 614 4301 691 4350; x_wconf 74' lang='lat' dir='ltr'>tlt-ta.</span> <span class='ocrx_word' id='word_1_319' title='bbox 705 4329 736 4340; x_wconf 86' lang='lat'>-</span> <span class='ocrx_word' id='word_1_320' title='bbox 753 4305 774 4350; x_wconf 85' lang='grc'>3.</span> <span class='ocrx_word' id='word_1_321' title='bbox 793 4301 884 4351; x_wconf 75' lang='lat' dir='ltr'>nauh.</span> <span class='ocrx_word' id='word_1_322' title='bbox 900 4303 941 4361; x_wconf 72' lang='lat'>26,</span> <span class='ocrx_word' id='word_1_323' title='bbox 956 4303 979 4350; x_wconf 70' lang='lat' dir='ltr'>i.</span> 
     </span>
    </p>
   </div>
   <div class='ocr_carea' id='block_1_5' title="bbox 0 0 1632 5144">
    <p class='ocr_par' dir='ltr' id='par_1_5' title="bbox 0 0 1632 5144">
     <span class='ocr_line' id='line_1_39' title="bbox 0 0 1632 5144; baseline 0 4"><span class='ocrx_word' id='word_1_324' title='bbox 0 0 1632 5144; x_wconf 95' lang='lat' dir='ltr'> </span> 
     </span>
    </p>
   </div>
  </div>
 </body>
</html>
