<?xml version="1.0" encoding="UTF-8"?>
<!DOCTYPE html PUBLIC "-//W3C//DTD XHTML 1.0 Transitional//EN"
    "http://www.w3.org/TR/xhtml1/DTD/xhtml1-transitional.dtd">
<html xmlns="http://www.w3.org/1999/xhtml" xml:lang="en" lang="en">
 <head>
  <title>
</title>
<meta http-equiv="Content-Type" content="text/html;charset=utf-8" />
  <meta name='ocr-system' content='tesseract 3.04.00' />
  <meta name='ocr-capabilities' content='ocr_page ocr_carea ocr_par ocr_line ocrx_word'/>
</head>
<body>
  <div class='ocr_page' id='page_1' title='image "./grgoiredetoursh00greggoog_0156.png"; bbox 0 0 3226 5156; ppageno 0'>
   <div class='ocr_carea' id='block_1_1' title="bbox 355 352 1190 412">
    <p class='ocr_par' dir='ltr' id='par_1_1' title="bbox 355 352 1190 412">
     <span class='ocr_line' id='line_1_1' title="bbox 355 352 1190 412; baseline 0.002 -10"><span class='ocrx_word' id='word_1_1' title='bbox 355 359 386 408; x_wconf 70' lang='lat'><strong>94</strong></span> <span class='ocrx_word' id='word_1_2' title='bbox 637 353 795 412; x_wconf 62' lang='lat' dir='ltr'><strong>oauowtt</strong></span> <span class='ocrx_word' id='word_1_3' title='bbox 812 352 1020 409; x_wconf 76' lang='lat' dir='ltr'><strong>ruaouattste</strong></span> <span class='ocrx_word' id='word_1_4' title='bbox 1036 353 1190 408; x_wconf 66' lang='lat' dir='ltr'><strong>uersabat</strong></span> 
     </span>
    </p>
   </div>
   <div class='ocr_carea' id='block_1_2' title="bbox 241 469 1473 870">
    <p class='ocr_par' dir='ltr' id='par_1_2' title="bbox 241 469 1473 870">
     <span class='ocr_line' id='line_1_2' title="bbox 356 469 1468 564; baseline 0 -24"><span class='ocrx_word' id='word_1_5' title='bbox 356 473 489 554; x_wconf 85' lang='lat' dir='ltr'><strong>abiens,</strong></span> <span class='ocrx_word' id='word_1_6' title='bbox 511 475 597 540; x_wconf 80' lang='lat' dir='ltr'><strong>Deus</strong></span> <span class='ocrx_word' id='word_1_7' title='bbox 617 485 763 538; x_wconf 87' lang='lat' dir='ltr'><strong>castrum</strong></span> <span class='ocrx_word' id='word_1_8' title='bbox 785 469 932 536; x_wconf 82' lang='lat' dir='ltr'>obtinuit</span> <span class='ocrx_word' id='word_1_9' title='bbox 953 483 1052 561; x_wconf 87' lang='lat' dir='ltr'><strong>atque</strong></span> <span class='ocrx_word' id='word_1_10' title='bbox 1067 471 1102 541; x_wconf 88' lang='lat' dir='ltr'><strong>iu</strong></span> <span class='ocrx_word' id='word_1_11' title='bbox 1124 472 1281 562; x_wconf 76' lang='lat' dir='ltr'><strong>praedam</strong></span> <span class='ocrx_word' id='word_1_12' title='bbox 1309 473 1468 564; x_wconf 79' lang='lat' dir='ltr'><strong>deripuit.</strong></span> 
     </span>
     <span class='ocr_line' id='line_1_3' title="bbox 241 572 1470 666; baseline -0.001 -23"><span class='ocrx_word' id='word_1_13' title='bbox 241 623 243 628; x_wconf 68' lang='lat'><strong>,</strong></span> <span class='ocrx_word' id='word_1_14' title='bbox 303 614 306 618; x_wconf 94' lang='lat'>·</span> <span class='ocrx_word' id='word_1_15' title='bbox 356 577 486 643; x_wconf 81' lang='lat' dir='ltr'><strong>Deinde</strong></span> <span class='ocrx_word' id='word_1_16' title='bbox 515 575 614 640; x_wconf 87' lang='lat' dir='ltr'><strong>alium</strong></span> <span class='ocrx_word' id='word_1_17' title='bbox 645 586 789 647; x_wconf 75' lang='lat' dir='ltr'><strong>castrum</strong></span> <span class='ocrx_word' id='word_1_18' title='bbox 820 572 955 640; x_wconf 90' lang='lat' dir='ltr'><strong>nomine</strong></span> <span class='ocrx_word' id='word_1_19' title='bbox 989 574 1180 663; x_wconf 80' lang='lat' dir='ltr'><strong>Caprariam</strong></span> <span class='ocrx_word' id='word_1_20' title='bbox 1203 574 1324 666; x_wconf 87' lang='lat' dir='ltr'><strong>ligatos</strong></span> <span class='ocrx_word' id='word_1_21' title='bbox 1349 576 1470 658; x_wconf 86' lang='lat' dir='ltr'><strong>mittit,</strong></span> 
     </span>
     <span class='ocr_line' id='line_1_4' title="bbox 356 677 1473 759; baseline 0.002 -15"><span class='ocrx_word' id='word_1_22' title='bbox 356 679 492 759; x_wconf 88' lang='lat' dir='ltr'><strong>dicens,</strong></span> <span class='ocrx_word' id='word_1_23' title='bbox 516 677 583 744; x_wconf 91' lang='lat' dir='ltr'><strong>uisi</strong></span> <span class='ocrx_word' id='word_1_24' title='bbox 609 703 645 744; x_wconf 87' lang='lat' dir='ltr'><strong>se</strong></span> <span class='ocrx_word' id='word_1_25' title='bbox 668 677 718 743; x_wconf 93' lang='lat' dir='ltr'><strong>illi</strong></span> <span class='ocrx_word' id='word_1_26' title='bbox 741 677 903 759; x_wconf 81' lang='lat' dir='ltr'><strong>subdant,</strong></span> <span class='ocrx_word' id='word_1_27' title='bbox 931 701 1028 743; x_wconf 90' lang='lat' dir='ltr'><strong>omne</strong></span> <span class='ocrx_word' id='word_1_28' title='bbox 1053 677 1164 744; x_wconf 88' lang='lat' dir='ltr'><strong>Iocum</strong></span> <span class='ocrx_word' id='word_1_29' title='bbox 1198 677 1281 744; x_wconf 92' lang='lat' dir='ltr'><strong>illud</strong></span> <span class='ocrx_word' id='word_1_30' title='bbox 1314 678 1473 746; x_wconf 90' lang='lat' dir='ltr'><strong>incendio</strong></span> 
     </span>
     <span class='ocr_line' id='line_1_5' title="bbox 359 779 1471 870; baseline -0.001 -23"><span class='ocrx_word' id='word_1_31' title='bbox 359 782 655 863; x_wconf 88' lang='lat' dir='ltr'><strong>concremandum,</strong></span> <span class='ocrx_word' id='word_1_32' title='bbox 678 804 802 870; x_wconf 89' lang='lat' dir='ltr'><strong>eosque</strong></span> <span class='ocrx_word' id='word_1_33' title='bbox 828 779 886 870; x_wconf 91' lang='lat' dir='ltr'><strong>qui</strong></span> <span class='ocrx_word' id='word_1_34' title='bbox 905 779 1031 850; x_wconf 85' lang='lat' dir='ltr'><strong>ibidem</strong></span> <span class='ocrx_word' id='word_1_35' title='bbox 1057 781 1214 847; x_wconf 89' lang='lat' dir='ltr'><strong>resedent</strong></span> <span class='ocrx_word' id='word_1_36' title='bbox 1241 781 1471 870; x_wconf 81' lang='lat' dir='ltr'><strong>captivandos.</strong></span> 
     </span>
    </p>
   </div>
   <div class='ocr_carea' id='block_1_3' title="bbox 357 959 1593 1977">
    <p class='ocr_par' dir='ltr' id='par_1_3' title="bbox 357 959 1593 1977">
     <span class='ocr_line' id='line_1_6' title="bbox 402 959 1508 1034; baseline -0.004 -4"><span class='ocrx_word' id='word_1_37' title='bbox 402 965 504 1031; x_wconf 89' lang='lat' dir='ltr'>XXII.</span> <span class='ocrx_word' id='word_1_38' title='bbox 522 965 602 1028; x_wconf 87' lang='lat' dir='ltr'><strong>Erat</strong></span> <span class='ocrx_word' id='word_1_39' title='bbox 620 974 729 1028; x_wconf 89' lang='lat' dir='ltr'><strong>autem</strong></span> <span class='ocrx_word' id='word_1_40' title='bbox 744 960 870 1034; x_wconf 85' lang='lat' dir='ltr'><strong>ibidem</strong></span> <span class='ocrx_word' id='word_1_41' title='bbox 888 973 978 1026; x_wconf 82' lang='lat' dir='ltr'><strong>tuuc.</strong></span> <span class='ocrx_word' id='word_1_42' title='bbox 991 974 1142 1029; x_wconf 85' lang='lat' dir='ltr'><strong>matrona</strong></span> <span class='ocrx_word' id='word_1_43' title='bbox 1162 959 1320 1026; x_wconf 87' lang='lat' dir='ltr'><strong>Deoteria</strong></span> <span class='ocrx_word' id='word_1_44' title='bbox 1338 961 1476 1030; x_wconf 88' lang='lat' dir='ltr'><strong>nomine</strong></span> <span class='ocrx_word' id='word_1_45' title='bbox 1494 988 1508 1026; x_wconf 89' lang='lat'>5</span> 
     </span>
     <span class='ocr_line' id='line_1_7' title="bbox 357 1061 1593 1154; baseline -0.004 -21"><span class='ocrx_word' id='word_1_46' title='bbox 357 1065 451 1133; x_wconf 89' lang='lat' dir='ltr'><strong>utilis</strong></span> <span class='ocrx_word' id='word_1_47' title='bbox 472 1064 568 1134; x_wconf 85' lang='lat' dir='ltr'><strong>valde</strong></span> <span class='ocrx_word' id='word_1_48' title='bbox 590 1077 688 1154; x_wconf 89' lang='lat' dir='ltr'><strong>atque</strong></span> <span class='ocrx_word' id='word_1_49' title='bbox 717 1063 869 1154; x_wconf 88' lang='lat' dir='ltr'><strong>sapiens,</strong></span> <span class='ocrx_word' id='word_1_50' title='bbox 898 1061 992 1128; x_wconf 89' lang='lat' dir='ltr'><strong>cuius</strong></span> <span class='ocrx_word' id='word_1_51' title='bbox 1013 1061 1064 1130; x_wconf 86' lang='lat' dir='ltr'><strong>&#39;vir</strong></span> <span class='ocrx_word' id='word_1_52' title='bbox 1085 1061 1172 1151; x_wconf 89' lang='lat' dir='ltr'><strong>apud</strong></span> <span class='ocrx_word' id='word_1_53' title='bbox 1201 1063 1343 1128; x_wconf 85' lang='lat' dir='ltr'><strong>Biterris&#39;</strong></span> <span class='ocrx_word' id='word_1_54' title='bbox 1357 1064 1478 1129; x_wconf 90' lang='lat' dir='ltr'><strong>urbem</strong></span> <span class='ocrx_word' id='word_1_55' title='bbox 1592 1109 1593 1112; x_wconf 19' lang='grc' dir='ltr'><strong>κ</strong></span> 
     </span>
     <span class='ocr_line' id='line_1_8' title="bbox 359 1159 1593 1256; baseline -0.002 -21"><span class='ocrx_word' id='word_1_56' title='bbox 359 1180 581 1236; x_wconf 77' lang='lat' dir='ltr'><strong>concesserat.</strong></span> <span class='ocrx_word' id='word_1_57' title='bbox 602 1171 694 1251; x_wconf 86' lang='lat' dir='ltr'><strong>Quae</strong></span> <span class='ocrx_word' id='word_1_58' title='bbox 712 1167 847 1232; x_wconf 88' lang='lat' dir='ltr'><strong>mittens</strong></span> <span class='ocrx_word' id='word_1_59' title='bbox 863 1164 1050 1232; x_wconf 85' lang='lat' dir='ltr'><strong>nuntiusad</strong></span> <span class='ocrx_word' id='word_1_60' title='bbox 1063 1189 1192 1256; x_wconf 85' lang='lat' dir='ltr'><strong>regem,</strong></span> <span class='ocrx_word' id='word_1_61' title='bbox 1205 1164 1322 1234; x_wconf 89' lang='lat' dir='ltr'><strong>dicens</strong></span> <span class='ocrx_word' id='word_1_62' title='bbox 1339 1191 1347 1230; x_wconf 73' lang='grc' dir='ltr'><strong><em>ε</em></strong></span> <span class='ocrx_word' id='word_1_63' title='bbox 1368 1165 1479 1234; x_wconf 83' lang='lat' dir='ltr'><strong>«NuI-</strong></span> <span class='ocrx_word' id='word_1_64' title='bbox 1592 1159 1593 1164; x_wconf 8' lang='grc' dir='ltr'>ἵ</span> 
     </span>
     <span class='ocr_line' id='line_1_9' title="bbox 358 1266 1479 1361; baseline -0.008 -20"><span class='ocrx_word' id='word_1_65' title='bbox 358 1273 409 1341; x_wconf 89' lang='lat' dir='ltr'><strong>Ius</strong></span> <span class='ocrx_word' id='word_1_66' title='bbox 440 1270 520 1352; x_wconf 84' lang='lat' dir='ltr'><strong>tibi,</strong></span> <span class='ocrx_word' id='word_1_67' title='bbox 552 1270 688 1336; x_wconf 91' lang='lat' dir='ltr'><strong>domine</strong></span> <span class='ocrx_word' id='word_1_68' title='bbox 716 1267 883 1358; x_wconf 86' lang='lat' dir='ltr'><strong>piissime,</strong></span> <span class='ocrx_word' id='word_1_69' title='bbox 912 1266 1067 1332; x_wconf 88' lang='lat' dir='ltr'><strong>resistere</strong></span> <span class='ocrx_word' id='word_1_70' title='bbox 1087 1279 1210 1356; x_wconf 84' lang='lat' dir='ltr'><strong>potest.</strong></span> <span class='ocrx_word' id='word_1_71' title='bbox 1232 1267 1479 1361; x_wconf 84' lang='lat' dir='ltr'><strong>Cognoscimus</strong></span> 
     </span>
     <span class='ocr_line' id='line_1_10' title="bbox 358 1369 1479 1459; baseline -0.004 -20"><span class='ocrx_word' id='word_1_72' title='bbox 358 1372 530 1441; x_wconf 90' lang='lat' dir='ltr'><strong>dominum</strong></span> <span class='ocrx_word' id='word_1_73' title='bbox 557 1384 726 1451; x_wconf 84' lang='lat' dir='ltr'><strong>nostrum3</strong></span> <span class='ocrx_word' id='word_1_74' title='bbox 747 1395 830 1436; x_wconf 87' lang='lat' dir='ltr'><strong>vene</strong></span> <span class='ocrx_word' id='word_1_75' title='bbox 853 1382 886 1434; x_wconf 95' lang='lat' dir='ltr'><strong>et</strong></span> <span class='ocrx_word' id='word_1_76' title='bbox 905 1370 995 1459; x_wconf 92' lang='lat' dir='ltr'><strong>quod</strong></span> <span class='ocrx_word' id='word_1_77' title='bbox 1017 1371 1107 1437; x_wconf 23' lang='lat' dir='ltr'><strong>,bene</strong></span> <span class='ocrx_word' id='word_1_78' title='bbox 1130 1371 1290 1458; x_wconf 88' lang='lat' dir='ltr'><strong>placitum</strong></span> <span class='ocrx_word' id='word_1_79' title='bbox 1315 1373 1415 1438; x_wconf 83' lang='lat' dir='ltr'><strong>suerit</strong></span> <span class='ocrx_word' id='word_1_80' title='bbox 1440 1369 1479 1436; x_wconf 91' lang='lat' dir='ltr'><strong>iu</strong></span> 
     </span>
     <span class='ocr_line' id='line_1_11' title="bbox 361 1472 1529 1556; baseline -0.009 -8"><span class='ocrx_word' id='word_1_81' title='bbox 361 1477 466 1548; x_wconf 89' lang='lat' dir='ltr'><strong>oculis</strong></span> <span class='ocrx_word' id='word_1_82' title='bbox 483 1477 549 1542; x_wconf 87' lang='lat' dir='ltr'><strong>tuis</strong></span> <span class='ocrx_word' id='word_1_83' title='bbox 560 1475 670 1541; x_wconf 77' lang='lat' dir='ltr'><strong>facito.</strong></span> <span class='ocrx_word' id='word_1_84' title='bbox 689 1500 706 1538; x_wconf 92' lang='lat'>»</span> <span class='ocrx_word' id='word_1_85' title='bbox 724 1472 980 1542; x_wconf 86' lang='lat' dir='ltr'><strong>Theodobertus</strong></span> <span class='ocrx_word' id='word_1_86' title='bbox 991 1484 1101 1540; x_wconf 91' lang='lat' dir='ltr'><strong>autem</strong></span> <span class='ocrx_word' id='word_1_87' title='bbox 1116 1475 1310 1540; x_wconf 86' lang='lat' dir='ltr'><strong>adcastrum</strong></span> <span class='ocrx_word' id='word_1_88' title='bbox 1325 1474 1477 1556; x_wconf 90' lang='lat' dir='ltr'><strong>veniens,</strong></span> <span class='ocrx_word' id='word_1_89' title='bbox 1497 1499 1529 1538; x_wconf 80' lang='lat' dir='ltr'><strong>ro</strong></span> 
     </span>
     <span class='ocr_line' id='line_1_12' title="bbox 361 1574 1479 1669; baseline -0.002 -23"><span class='ocrx_word' id='word_1_90' title='bbox 361 1605 436 1649; x_wconf 90' lang='lat' dir='ltr'><strong>oum</strong></span> <span class='ocrx_word' id='word_1_91' title='bbox 455 1603 537 1668; x_wconf 87' lang='lat' dir='ltr'><strong>pace</strong></span> <span class='ocrx_word' id='word_1_92' title='bbox 554 1579 727 1669; x_wconf 84' lang='lat' dir='ltr'><strong>ingressus</strong></span> <span class='ocrx_word' id='word_1_93' title='bbox 739 1588 801 1657; x_wconf 88' lang='lat' dir='ltr'><strong>est,</strong></span> <span class='ocrx_word' id='word_1_94' title='bbox 818 1574 1055 1664; x_wconf 85' lang='lat' dir='ltr'><strong>subditumque</strong></span> <span class='ocrx_word' id='word_1_95' title='bbox 1069 1576 1133 1642; x_wconf 87' lang='lat' dir='ltr'><strong>sibi</strong></span> <span class='ocrx_word' id='word_1_96' title='bbox 1150 1601 1292 1644; x_wconf 90' lang='lat' dir='ltr'><strong>cernens</strong></span> <span class='ocrx_word' id='word_1_97' title='bbox 1303 1579 1479 1667; x_wconf 84' lang='lat' dir='ltr'><strong>populum,</strong></span> 
     </span>
     <span class='ocr_line' id='line_1_13' title="bbox 361 1672 1481 1770; baseline -0.001 -23"><span class='ocrx_word' id='word_1_98' title='bbox 361 1682 445 1750; x_wconf 87' lang='lat' dir='ltr'><strong>nihil</strong></span> <span class='ocrx_word' id='word_1_99' title='bbox 473 1681 562 1747; x_wconf 84' lang='lat' dir='ltr'><strong>sibi¹</strong></span> <span class='ocrx_word' id='word_1_100' title='bbox 588 1679 672 1746; x_wconf 86' lang='lat' dir='ltr'><strong>male</strong></span> <span class='ocrx_word' id='word_1_101' title='bbox 700 1677 816 1770; x_wconf 85' lang='lat' dir='ltr'><strong>gessit.</strong></span> <span class='ocrx_word' id='word_1_102' title='bbox 845 1672 1002 1744; x_wconf 86' lang='lat' dir='ltr'><strong>Deuteria</strong></span> <span class='ocrx_word' id='word_1_103' title='bbox 1031 1703 1109 1744; x_wconf 90' lang='lat' dir='ltr'><strong>vero</strong></span> <span class='ocrx_word' id='word_1_104' title='bbox 1141 1680 1183 1744; x_wconf 88' lang='lat' dir='ltr'><strong>ad</strong></span> <span class='ocrx_word' id='word_1_105' title='bbox 1207 1704 1381 1746; x_wconf 86' lang='lat' dir='ltr'><strong>occursum</strong></span> <span class='ocrx_word' id='word_1_106' title='bbox 1408 1679 1481 1746; x_wconf 88' lang='lat' dir='ltr'><strong>eius</strong></span> 
     </span>
     <span class='ocr_line' id='line_1_14' title="bbox 361 1779 1480 1874; baseline -0.004 -21"><span class='ocrx_word' id='word_1_107' title='bbox 361 1785 471 1865; x_wconf 85' lang='lat' dir='ltr'><strong>venit;</strong></span> <span class='ocrx_word' id='word_1_108' title='bbox 490 1796 524 1848; x_wconf 89' lang='lat' dir='ltr'><strong>at</strong></span> <span class='ocrx_word' id='word_1_109' title='bbox 542 1782 599 1848; x_wconf 91' lang='lat' dir='ltr'><strong>ille</strong></span> <span class='ocrx_word' id='word_1_110' title='bbox 615 1779 801 1870; x_wconf 84' lang='lat' dir='ltr'><strong>speciosum</strong></span> <span class='ocrx_word' id='word_1_111' title='bbox 824 1804 895 1846; x_wconf 89' lang='lat' dir='ltr'><strong>eam</strong></span> <span class='ocrx_word' id='word_1_112' title='bbox 915 1804 1072 1862; x_wconf 88' lang='lat' dir='ltr'><strong>cernens,</strong></span> <span class='ocrx_word' id='word_1_113' title='bbox 1103 1805 1213 1849; x_wconf 87' lang='lat' dir='ltr'><strong>amore</strong></span> <span class='ocrx_word' id='word_1_114' title='bbox 1241 1782 1312 1850; x_wconf 89' lang='lat' dir='ltr'><strong>eius</strong></span> <span class='ocrx_word' id='word_1_115' title='bbox 1336 1783 1480 1874; x_wconf 85' lang='lat' dir='ltr'><strong>capitur,</strong></span> 
     </span>
     <span class='ocr_line' id='line_1_15' title="bbox 363 1882 897 1977; baseline -0.022 -19"><span class='ocrx_word' id='word_1_116' title='bbox 363 1911 490 1977; x_wconf 86' lang='lat' dir='ltr'><strong>suoque</strong></span> <span class='ocrx_word' id='word_1_117' title='bbox 505 1909 577 1952; x_wconf 89' lang='lat' dir='ltr'><strong>eam</strong></span> <span class='ocrx_word' id='word_1_118' title='bbox 597 1882 764 1973; x_wconf 88' lang='lat' dir='ltr'><strong>copolavit</strong></span> <span class='ocrx_word' id='word_1_119' title='bbox 781 1896 897 1952; x_wconf 83' lang='lat' dir='ltr'><strong>stratu.</strong></span> 
     </span>
    </p>
   </div>
   <div class='ocr_carea' id='block_1_4' title="bbox 213 2053 1543 4112">
    <p class='ocr_par' dir='ltr' id='par_1_4' title="bbox 233 2053 1537 2780">
     <span class='ocr_line' id='line_1_16' title="bbox 366 2053 1534 2160; baseline -0.002 -24"><span class='ocrx_word' id='word_1_120' title='bbox 366 2133 368 2136; x_wconf 84' lang='grc'><em>,</em></span> <span class='ocrx_word' id='word_1_121' title='bbox 407 2053 556 2136; x_wconf 82' lang='lat' dir='ltr'>XXXIII.</span> <span class='ocrx_word' id='word_1_122' title='bbox 575 2065 690 2132; x_wconf 89' lang='lat' dir='ltr'><strong>IniIIis</strong></span> <span class='ocrx_word' id='word_1_123' title='bbox 707 2064 825 2130; x_wconf 90' lang='lat' dir='ltr'><strong>diebus</strong></span> <span class='ocrx_word' id='word_1_124' title='bbox 840 2065 1069 2132; x_wconf 84' lang='lat' dir='ltr'><strong>Theudoricus</strong></span> <span class='ocrx_word' id='word_1_125' title='bbox 1086 2080 1259 2158; x_wconf 88' lang='lat' dir='ltr'><strong>parentem</strong></span> <span class='ocrx_word' id='word_1_126' title='bbox 1275 2094 1369 2136; x_wconf 91' lang='lat' dir='ltr'><strong>suum</strong></span> <span class='ocrx_word' id='word_1_127' title='bbox 1386 2067 1483 2160; x_wconf 84' lang='lat' dir='ltr'><strong>sygi-</strong></span> <span class='ocrx_word' id='word_1_128' title='bbox 1500 2095 1534 2134; x_wconf 86' lang='lat'><strong>15</strong></span> 
     </span>
     <span class='ocr_line' id='line_1_17' title="bbox 363 2157 1482 2264; baseline -0.004 -24"><span class='ocrx_word' id='word_1_129' title='bbox 363 2173 495 2240; x_wconf 87' lang='lat' dir='ltr'><strong>valdum</strong></span> <span class='ocrx_word' id='word_1_130' title='bbox 510 2168 640 2264; x_wconf 83' lang='lat' dir='ltr'><strong>¹occidit</strong></span> <span class='ocrx_word' id='word_1_131' title='bbox 660 2167 789 2260; x_wconf 86' lang='lat' dir='ltr'><strong>gladio,</strong></span> <span class='ocrx_word' id='word_1_132' title='bbox 806 2157 952 2234; x_wconf 64' lang='lat' dir='ltr'><strong>&#39;mittens</strong></span> <span class='ocrx_word' id='word_1_133' title='bbox 973 2169 1103 2235; x_wconf 87' lang='lat' dir='ltr'><strong>occulte</strong></span> <span class='ocrx_word' id='word_1_134' title='bbox 1127 2171 1168 2236; x_wconf 88' lang='lat' dir='ltr'><strong>ad</strong></span> <span class='ocrx_word' id='word_1_135' title='bbox 1191 2172 1482 2254; x_wconf 86' lang='lat' dir='ltr'><strong>Theodobertum,</strong></span> 
     </span>
     <span class='ocr_line' id='line_1_18' title="bbox 362 2271 1485 2365; baseline 0.002 -23"><span class='ocrx_word' id='word_1_136' title='bbox 362 2290 401 2342; x_wconf 91' lang='lat' dir='ltr'><strong>ut</strong></span> <span class='ocrx_word' id='word_1_137' title='bbox 443 2288 477 2342; x_wconf 92' lang='lat' dir='ltr'><strong>et</strong></span> <span class='ocrx_word' id='word_1_138' title='bbox 516 2273 580 2340; x_wconf 84' lang='lat' dir='ltr'><strong>ille</strong></span> <span class='ocrx_word' id='word_1_139' title='bbox 626 2271 818 2364; x_wconf 84' lang='lat' dir='ltr'><strong>Sygivaldi,</strong></span> <span class='ocrx_word' id='word_1_140' title='bbox 857 2271 962 2337; x_wconf 90' lang='lat' dir='ltr'><strong>filium</strong></span> <span class='ocrx_word' id='word_1_141' title='bbox 1002 2272 1076 2339; x_wconf 91' lang='lat' dir='ltr'><strong>neci</strong></span> <span class='ocrx_word' id='word_1_142' title='bbox 1112 2275 1226 2356; x_wconf 90' lang='lat' dir='ltr'><strong>daret,</strong></span> <span class='ocrx_word' id='word_1_143' title='bbox 1267 2300 1366 2365; x_wconf 91' lang='lat' dir='ltr'><strong>quem</strong></span> <span class='ocrx_word' id='word_1_144' title='bbox 1401 2288 1485 2344; x_wconf 91' lang='lat' dir='ltr'><strong>tunc</strong></span> 
     </span>
     <span class='ocr_line' id='line_1_19' title="bbox 366 2374 1483 2470; baseline -0.002 -24"><span class='ocrx_word' id='word_1_145' title='bbox 366 2405 478 2450; x_wconf 90' lang='lat' dir='ltr'><strong>secum</strong></span> <span class='ocrx_word' id='word_1_146' title='bbox 503 2377 659 2444; x_wconf 86' lang='lat' dir='ltr'><strong>hahebat.</strong></span> <span class='ocrx_word' id='word_1_147' title='bbox 693 2375 761 2441; x_wconf 89' lang='lat' dir='ltr'><strong>Sed</strong></span> <span class='ocrx_word' id='word_1_148' title='bbox 791 2374 868 2464; x_wconf 88' lang='lat' dir='ltr'><strong>quia</strong></span> <span class='ocrx_word' id='word_1_149' title='bbox 889 2399 963 2440; x_wconf 91' lang='lat' dir='ltr'><strong>eum</strong></span> <span class='ocrx_word' id='word_1_150' title='bbox 988 2377 1030 2441; x_wconf 90' lang='lat' dir='ltr'><strong>de</strong></span> <span class='ocrx_word' id='word_1_151' title='bbox 1053 2401 1147 2444; x_wconf 88' lang='lat' dir='ltr'><strong>sacro</strong></span> <span class='ocrx_word' id='word_1_152' title='bbox 1175 2378 1266 2444; x_wconf 91' lang='lat' dir='ltr'><strong>fonte</strong></span> <span class='ocrx_word' id='word_1_153' title='bbox 1291 2379 1483 2470; x_wconf 75' lang='lat' dir='ltr'><strong>exciperet,</strong></span> 
     </span>
     <span class='ocr_line' id='line_1_20' title="bbox 364 2479 1484 2575; baseline 0.001 -26"><span class='ocrx_word' id='word_1_154' title='bbox 364 2484 506 2575; x_wconf 86' lang='lat' dir='ltr'><strong>perdere</strong></span> <span class='ocrx_word' id='word_1_155' title='bbox 523 2479 641 2546; x_wconf 90' lang='lat' dir='ltr'><strong>noluit.</strong></span> <span class='ocrx_word' id='word_1_156' title='bbox 667 2479 807 2544; x_wconf 85' lang='lat' dir='ltr'><strong>Litteras</strong></span> <span class='ocrx_word' id='word_1_157' title='bbox 834 2503 929 2560; x_wconf 89' lang='lat' dir='ltr'><strong>vero,</strong></span> <span class='ocrx_word' id='word_1_158' title='bbox 956 2503 1037 2570; x_wconf 87' lang='lat' dir='ltr'><strong>quas</strong></span> <span class='ocrx_word' id='word_1_159' title='bbox 1064 2480 1094 2546; x_wconf 92' lang='lat' dir='ltr'><strong>ei</strong></span> <span class='ocrx_word' id='word_1_160' title='bbox 1114 2492 1209 2570; x_wconf 88' lang='lat' dir='ltr'><strong>pater</strong></span> <span class='ocrx_word' id='word_1_161' title='bbox 1230 2482 1484 2563; x_wconf 83' lang='lat' dir='ltr'><strong>transmiserat,</strong></span> 
     </span>
     <span class='ocr_line' id='line_1_21' title="bbox 233 2581 1537 2679; baseline 0.001 -29"><span class='ocrx_word' id='word_1_162' title='bbox 233 2603 286 2650; x_wconf 81' lang='lat' dir='ltr'><strong>col.</strong></span> <span class='ocrx_word' id='word_1_163' title='bbox 301 2602 354 2648; x_wconf 80' lang='lat' dir='ltr'><strong>tat.</strong></span> <span class='ocrx_word' id='word_1_164' title='bbox 364 2581 430 2678; x_wconf 88' lang='lat' dir='ltr'><strong>ipsi</strong></span> <span class='ocrx_word' id='word_1_165' title='bbox 451 2586 492 2656; x_wconf 87' lang='lat' dir='ltr'><strong>ad</strong></span> <span class='ocrx_word' id='word_1_166' title='bbox 504 2585 518 2679; x_wconf 73' lang='lat' dir='ltr'><strong>{l</strong></span> <span class='ocrx_word' id='word_1_167' title='bbox 531 2582 711 2675; x_wconf 84' lang='lat' dir='ltr'><strong>legendum</strong></span> <span class='ocrx_word' id='word_1_168' title='bbox 729 2581 840 2663; x_wconf 88' lang='lat' dir='ltr'><strong>dedit,</strong></span> <span class='ocrx_word' id='word_1_169' title='bbox 860 2581 975 2648; x_wconf 90' lang='lat' dir='ltr'><strong>dicens</strong></span> <span class='ocrx_word' id='word_1_170' title='bbox 994 2610 1001 2647; x_wconf 91' lang='lat'>:</span> <span class='ocrx_word' id='word_1_171' title='bbox 1021 2611 1038 2646; x_wconf 78' lang='grc' dir='ltr'>ο</span> <span class='ocrx_word' id='word_1_172' title='bbox 1059 2587 1151 2675; x_wconf 86' lang='lat' dir='ltr'><strong>Fuge</strong></span> <span class='ocrx_word' id='word_1_173' title='bbox 1168 2584 1267 2667; x_wconf 90' lang='lat' dir='ltr'><strong>hinc,</strong></span> <span class='ocrx_word' id='word_1_174' title='bbox 1285 2586 1363 2676; x_wconf 90' lang='lat' dir='ltr'><strong>quia</strong></span> <span class='ocrx_word' id='word_1_175' title='bbox 1378 2588 1487 2676; x_wconf 87' lang='lat' dir='ltr'><strong>patris</strong></span> <span class='ocrx_word' id='word_1_176' title='bbox 1503 2613 1537 2651; x_wconf 86' lang='lat' dir='ltr'><strong>ao</strong></span> 
     </span>
     <span class='ocr_line' id='line_1_22' title="bbox 363 2683 1488 2780; baseline 0.004 -30"><span class='ocrx_word' id='word_1_177' title='bbox 363 2689 431 2756; x_wconf 66' lang='lat' dir='ltr'><strong>„mei</strong></span> <span class='ocrx_word' id='word_1_178' title='bbox 448 2698 664 2780; x_wconf 87' lang='lat' dir='ltr'><strong>pracceptum</strong></span> <span class='ocrx_word' id='word_1_179' title='bbox 676 2683 794 2773; x_wconf 88' lang='lat' dir='ltr'><strong>accipi,</strong></span> <span class='ocrx_word' id='word_1_180' title='bbox 812 2697 849 2750; x_wconf 87' lang='lat' dir='ltr'><strong>ut</strong></span> <span class='ocrx_word' id='word_1_181' title='bbox 862 2698 896 2749; x_wconf 90' lang='lat' dir='ltr'><strong>te</strong></span> <span class='ocrx_word' id='word_1_182' title='bbox 907 2685 1124 2768; x_wconf 83' lang='lat' dir='ltr'><strong>interficiam3</strong></span> <span class='ocrx_word' id='word_1_183' title='bbox 1142 2689 1261 2754; x_wconf 92' lang='lat' dir='ltr'><strong>sivero</strong></span> <span class='ocrx_word' id='word_1_184' title='bbox 1276 2689 1333 2756; x_wconf 90' lang='lat' dir='ltr'><strong>ille</strong></span> <span class='ocrx_word' id='word_1_185' title='bbox 1348 2689 1488 2756; x_wconf 85' lang='lat' dir='ltr'><strong>defunc-</strong></span> 
     </span>
    </p>

    <p class='ocr_par' dir='ltr' id='par_1_5' title="bbox 253 2788 1489 3088">
     <span class='ocr_line' id='line_1_23' title="bbox 253 2788 1489 2884; baseline 0 -24"><span class='ocrx_word' id='word_1_186' title='bbox 253 2881 256 2884; x_wconf 24' lang='lat'>·</span> <span class='ocrx_word' id='word_1_187' title='bbox 367 2809 420 2862; x_wconf 90' lang='lat' dir='ltr'><strong>tus</strong></span> <span class='ocrx_word' id='word_1_188' title='bbox 452 2793 574 2871; x_wconf 77' lang='lat' dir='ltr'><strong>fuerit,</strong></span> <span class='ocrx_word' id='word_1_189' title='bbox 594 2801 627 2856; x_wconf 91' lang='lat' dir='ltr'><strong>et</strong></span> <span class='ocrx_word' id='word_1_190' title='bbox 651 2814 702 2854; x_wconf 91' lang='lat' dir='ltr'><strong>me</strong></span> <span class='ocrx_word' id='word_1_191' title='bbox 729 2813 870 2878; x_wconf 85' lang='lat' dir='ltr'><strong>regnare</strong></span> <span class='ocrx_word' id='word_1_192' title='bbox 894 2788 1059 2871; x_wconf 87' lang='lat' dir='ltr'><strong>audieris,</strong></span> <span class='ocrx_word' id='word_1_193' title='bbox 1086 2803 1166 2856; x_wconf 88' lang='lat' dir='ltr'><strong>tunc</strong></span> <span class='ocrx_word' id='word_1_194' title='bbox 1194 2816 1331 2858; x_wconf 89' lang='lat' dir='ltr'><strong>securus</strong></span> <span class='ocrx_word' id='word_1_195' title='bbox 1362 2792 1403 2857; x_wconf 88' lang='lat' dir='ltr'><strong>ad</strong></span> <span class='ocrx_word' id='word_1_196' title='bbox 1432 2817 1489 2860; x_wconf 90' lang='lat' dir='ltr'><strong>me</strong></span> 
     </span>
     <span class='ocr_line' id='line_1_24' title="bbox 366 2889 1486 2984; baseline -0.004 -20"><span class='ocrx_word' id='word_1_197' title='bbox 366 2896 554 2972; x_wconf 82' lang='lat' dir='ltr'><strong>reverteris.</strong></span> <span class='ocrx_word' id='word_1_198' title='bbox 582 2919 599 2956; x_wconf 74' lang='lat' dir='ltr'><strong>r&gt;</strong></span> <span class='ocrx_word' id='word_1_199' title='bbox 621 2890 720 2977; x_wconf 90' lang='lat' dir='ltr'><strong>Quod</strong></span> <span class='ocrx_word' id='word_1_200' title='bbox 740 2889 895 2972; x_wconf 88' lang='lat' dir='ltr'><strong>audiens,</strong></span> <span class='ocrx_word' id='word_1_201' title='bbox 920 2891 1044 2982; x_wconf 84' lang='lat' dir='ltr'><strong>gratias</strong></span> <span class='ocrx_word' id='word_1_202' title='bbox 1068 2916 1170 2984; x_wconf 86' lang='lat' dir='ltr'><strong>agens</strong></span> <span class='ocrx_word' id='word_1_203' title='bbox 1199 2907 1233 2960; x_wconf 92' lang='lat' dir='ltr'><strong>et</strong></span> <span class='ocrx_word' id='word_1_204' title='bbox 1254 2894 1326 2964; x_wconf 78' lang='lat' dir='ltr'><strong>vale</strong></span> <span class='ocrx_word' id='word_1_205' title='bbox 1353 2893 1486 2978; x_wconf 89' lang='lat' dir='ltr'><strong>dicens,</strong></span> 
     </span>
     <span class='ocr_line' id='line_1_25' title="bbox 364 2991 1486 3088; baseline -0.004 -22"><span class='ocrx_word' id='word_1_206' title='bbox 364 2997 541 3088; x_wconf 79' lang='lat' dir='ltr'><strong>abscessit.</strong></span> <span class='ocrx_word' id='word_1_207' title='bbox 564 2991 784 3061; x_wconf 86' lang='lat' dir='ltr'><strong>Arelatensim</strong></span> <span class='ocrx_word' id='word_1_208' title='bbox 802 2991 891 3060; x_wconf 90' lang='lat' dir='ltr'><strong>enim</strong></span> <span class='ocrx_word' id='word_1_209' title='bbox 906 2995 1023 3059; x_wconf 88' lang='lat' dir='ltr'><strong>urbem</strong></span> <span class='ocrx_word' id='word_1_210' title='bbox 1041 3007 1121 3060; x_wconf 92' lang='lat' dir='ltr'><strong>tunc</strong></span> <span class='ocrx_word' id='word_1_211' title='bbox 1137 2995 1240 3064; x_wconf 87' lang='lat' dir='ltr'><strong>Gothi</strong></span> <span class='ocrx_word' id='word_1_212' title='bbox 1256 3010 1486 3085; x_wconf 85' lang='lat' dir='ltr'><strong>pervaserant,</strong></span> 
     </span>
    </p>

    <p class='ocr_par' dir='ltr' id='par_1_6' title="bbox 213 3094 1538 3397">
     <span class='ocr_line' id='line_1_26' title="bbox 213 3094 1538 3192; baseline 0.001 -26"><span class='ocrx_word' id='word_1_213' title='bbox 213 3107 267 3156; x_wconf 80' lang='lat' dir='ltr'><strong>Fol.</strong></span> <span class='ocrx_word' id='word_1_214' title='bbox 281 3109 356 3154; x_wconf 57' lang='grc' dir='ltr'><strong>ΜΝ·</strong></span> <span class='ocrx_word' id='word_1_215' title='bbox 369 3103 410 3168; x_wconf 92' lang='lat' dir='ltr'><strong>de</strong></span> <span class='ocrx_word' id='word_1_216' title='bbox 428 3125 492 3191; x_wconf 88' lang='lat' dir='ltr'><strong>qua</strong></span> <span class='ocrx_word' id='word_1_217' title='bbox 507 3098 761 3166; x_wconf 89' lang='lat' dir='ltr'><strong>Theodobertus</strong></span> <span class='ocrx_word' id='word_1_218' title='bbox 782 3094 899 3162; x_wconf 89' lang='lat' dir='ltr'><strong>obside</strong></span> <span class='ocrx_word' id='word_1_219' title='bbox 912 3098 1101 3180; x_wconf 79' lang='lat' dir='ltr'><strong>reteuebat3</strong></span> <span class='ocrx_word' id='word_1_220' title='bbox 1119 3095 1133 3192; x_wconf 81' lang='grc' dir='ltr'><strong>[Ι</strong></span> <span class='ocrx_word' id='word_1_221' title='bbox 1147 3098 1189 3164; x_wconf 88' lang='lat' dir='ltr'><strong>ad</strong></span> <span class='ocrx_word' id='word_1_222' title='bbox 1201 3122 1272 3162; x_wconf 86' lang='lat' dir='ltr'><strong>eam</strong></span> <span class='ocrx_word' id='word_1_223' title='bbox 1286 3097 1488 3188; x_wconf 82' lang='lat' dir='ltr'><strong>Sigyvaldus</strong></span> <span class='ocrx_word' id='word_1_224' title='bbox 1505 3127 1538 3166; x_wconf 73' lang='lat' dir='ltr'><strong>as</strong></span> 
     </span>
     <span class='ocr_line' id='line_1_27' title="bbox 370 3197 1490 3294; baseline -0.003 -23"><span class='ocrx_word' id='word_1_225' title='bbox 370 3202 529 3294; x_wconf 86' lang='lat' dir='ltr'><strong>confugit.</strong></span> <span class='ocrx_word' id='word_1_226' title='bbox 557 3200 625 3267; x_wconf 87' lang='lat' dir='ltr'><strong>Sed</strong></span> <span class='ocrx_word' id='word_1_227' title='bbox 644 3223 760 3288; x_wconf 89' lang='lat' dir='ltr'><strong>parurn</strong></span> <span class='ocrx_word' id='word_1_228' title='bbox 779 3222 813 3262; x_wconf 91' lang='lat' dir='ltr'><strong>se</strong></span> <span class='ocrx_word' id='word_1_229' title='bbox 834 3197 959 3264; x_wconf 87' lang='lat' dir='ltr'><strong>ibidem</strong></span> <span class='ocrx_word' id='word_1_230' title='bbox 984 3223 1125 3266; x_wconf 89' lang='lat' dir='ltr'><strong>cerneus</strong></span> <span class='ocrx_word' id='word_1_231' title='bbox 1151 3200 1336 3282; x_wconf 90' lang='lat' dir='ltr'><strong>munitum,</strong></span> <span class='ocrx_word' id='word_1_232' title='bbox 1357 3201 1490 3268; x_wconf 86' lang='lat' dir='ltr'><strong>ltaliam</strong></span> 
     </span>
     <span class='ocr_line' id='line_1_28' title="bbox 369 3301 1492 3397; baseline -0.001 -26"><span class='ocrx_word' id='word_1_233' title='bbox 369 3307 485 3397; x_wconf 91' lang='lat' dir='ltr'><strong>petiit,</strong></span> <span class='ocrx_word' id='word_1_234' title='bbox 523 3302 636 3392; x_wconf 88' lang='lat' dir='ltr'><strong>ibique</strong></span> <span class='ocrx_word' id='word_1_235' title='bbox 666 3313 699 3366; x_wconf 93' lang='lat' dir='ltr'><strong>et</strong></span> <span class='ocrx_word' id='word_1_236' title='bbox 725 3301 831 3366; x_wconf 89' lang='lat' dir='ltr'><strong>latuit.</strong></span> <span class='ocrx_word' id='word_1_237' title='bbox 862 3304 948 3366; x_wconf 92' lang='lat' dir='ltr'><strong>Dum</strong></span> <span class='ocrx_word' id='word_1_238' title='bbox 979 3303 1062 3367; x_wconf 89' lang='lat' dir='ltr'><strong>haec</strong></span> <span class='ocrx_word' id='word_1_239' title='bbox 1091 3316 1282 3394; x_wconf 85' lang='lat' dir='ltr'><strong>agerentur,</strong></span> <span class='ocrx_word' id='word_1_240' title='bbox 1313 3305 1492 3371; x_wconf 87' lang='lat' dir='ltr'><strong>nuntiatur</strong></span> 
     </span>
    </p>

    <p class='ocr_par' dir='ltr' id='par_1_7' title="bbox 236 3402 1543 4112">
     <span class='ocr_line' id='line_1_29' title="bbox 236 3402 1500 3496; baseline -0.003 -20"><span class='ocrx_word' id='word_1_241' title='bbox 236 3428 238 3432; x_wconf 83' lang='grc'><em>·</em></span> <span class='ocrx_word' id='word_1_242' title='bbox 371 3408 627 3487; x_wconf 90' lang='lat' dir='ltr'><strong>Theodoberto,</strong></span> <span class='ocrx_word' id='word_1_243' title='bbox 651 3416 779 3494; x_wconf 87' lang='lat' dir='ltr'><strong>patrem</strong></span> <span class='ocrx_word' id='word_1_244' title='bbox 804 3428 899 3470; x_wconf 90' lang='lat' dir='ltr'><strong>suum</strong></span> <span class='ocrx_word' id='word_1_245' title='bbox 915 3402 1062 3494; x_wconf 86' lang='lat' dir='ltr'><strong>graviter</strong></span> <span class='ocrx_word' id='word_1_246' title='bbox 1078 3417 1245 3496; x_wconf 84' lang='lat' dir='ltr'><strong>egrotare,</strong></span> <span class='ocrx_word' id='word_1_247' title='bbox 1275 3406 1368 3470; x_wconf 88' lang='lat' dir='ltr'><strong>etad</strong></span> <span class='ocrx_word' id='word_1_248' title='bbox 1387 3429 1500 3496; x_wconf 82' lang='lat' dir='ltr'><strong>quem</strong></span> 
     </span>
     <span class='ocr_line' id='line_1_30' title="bbox 371 3505 1491 3598; baseline -0.001 -21"><span class='ocrx_word' id='word_1_249' title='bbox 371 3511 436 3578; x_wconf 91' lang='lat' dir='ltr'><strong>uisi</strong></span> <span class='ocrx_word' id='word_1_250' title='bbox 447 3508 593 3576; x_wconf 85' lang='lat' dir='ltr'><strong>velocius</strong></span> <span class='ocrx_word' id='word_1_251' title='bbox 608 3518 823 3596; x_wconf 89' lang='lat' dir='ltr'><strong>properaret,</strong></span> <span class='ocrx_word' id='word_1_252' title='bbox 844 3518 881 3571; x_wconf 92' lang='lat' dir='ltr'><strong>ut</strong></span> <span class='ocrx_word' id='word_1_253' title='bbox 899 3529 974 3570; x_wconf 88' lang='lat' dir='ltr'><strong>eum</strong></span> <span class='ocrx_word' id='word_1_254' title='bbox 996 3505 1162 3573; x_wconf 87' lang='lat' dir='ltr'><strong>inveniret</strong></span> <span class='ocrx_word' id='word_1_255' title='bbox 1175 3507 1303 3587; x_wconf 84' lang='lat' dir='ltr'><strong>vivum,</strong></span> <span class='ocrx_word' id='word_1_256' title='bbox 1325 3533 1343 3576; x_wconf 85' lang='lat' dir='ltr'><strong>a</strong></span> <span class='ocrx_word' id='word_1_257' title='bbox 1360 3511 1491 3598; x_wconf 85' lang='lat' dir='ltr'><strong>patruis</strong></span> 
     </span>
     <span class='ocr_line' id='line_1_31' title="bbox 373 3607 1543 3700; baseline -0.001 -19"><span class='ocrx_word' id='word_1_258' title='bbox 373 3617 441 3681; x_wconf 93' lang='lat' dir='ltr'><strong>suis</strong></span> <span class='ocrx_word' id='word_1_259' title='bbox 475 3611 706 3700; x_wconf 86' lang='lat' dir='ltr'><strong>excluderetur</strong></span> <span class='ocrx_word' id='word_1_260' title='bbox 737 3621 769 3673; x_wconf 90' lang='lat' dir='ltr'><strong>et</strong></span> <span class='ocrx_word' id='word_1_261' title='bbox 792 3608 879 3673; x_wconf 88' lang='lat' dir='ltr'><strong>ultra</strong></span> <span class='ocrx_word' id='word_1_262' title='bbox 899 3607 980 3673; x_wconf 90' lang='lat' dir='ltr'><strong>illuc</strong></span> <span class='ocrx_word' id='word_1_263' title='bbox 1005 3632 1073 3673; x_wconf 91' lang='lat' dir='ltr'><strong>non</strong></span> <span class='ocrx_word' id='word_1_264' title='bbox 1096 3608 1230 3674; x_wconf 91' lang='lat' dir='ltr'><strong>rediret.</strong></span> <span class='ocrx_word' id='word_1_265' title='bbox 1259 3611 1302 3674; x_wconf 86' lang='lat' dir='ltr'><strong>At</strong></span> <span class='ocrx_word' id='word_1_266' title='bbox 1325 3609 1381 3674; x_wconf 93' lang='lat' dir='ltr'><strong>ille</strong></span> <span class='ocrx_word' id='word_1_267' title='bbox 1403 3612 1490 3678; x_wconf 88' lang='lat' dir='ltr'><strong>haee</strong></span> <span class='ocrx_word' id='word_1_268' title='bbox 1509 3643 1543 3683; x_wconf 78' lang='lat' dir='ltr'><strong>so</strong></span> 
     </span>
     <span class='ocr_line' id='line_1_32' title="bbox 372 3708 1490 3801; baseline -0.003 -19"><span class='ocrx_word' id='word_1_269' title='bbox 372 3716 529 3797; x_wconf 82' lang='lat' dir='ltr'><strong>audiens,</strong></span> <span class='ocrx_word' id='word_1_270' title='bbox 564 3723 682 3776; x_wconf 85' lang='lat' dir='ltr'><strong>cuncto</strong></span> <span class='ocrx_word' id='word_1_271' title='bbox 708 3708 911 3800; x_wconf 86' lang='lat' dir='ltr'><strong>postposita,</strong></span> <span class='ocrx_word' id='word_1_272' title='bbox 943 3709 1023 3776; x_wconf 87' lang='lat' dir='ltr'><strong>illuc</strong></span> <span class='ocrx_word' id='word_1_273' title='bbox 1054 3709 1188 3801; x_wconf 84' lang='lat' dir='ltr'><strong>dirigit,</strong></span> <span class='ocrx_word' id='word_1_274' title='bbox 1223 3710 1381 3776; x_wconf 87' lang='lat' dir='ltr'><strong>Deuteria</strong></span> <span class='ocrx_word' id='word_1_275' title='bbox 1413 3737 1490 3780; x_wconf 89' lang='lat' dir='ltr'><strong>cum</strong></span> 
     </span>
     <span class='ocr_line' id='line_1_33' title="bbox 373 3811 1493 3900; baseline -0.002 -16"><span class='ocrx_word' id='word_1_276' title='bbox 373 3819 439 3884; x_wconf 85' lang='lat' dir='ltr'><strong>filiu</strong></span> <span class='ocrx_word' id='word_1_277' title='bbox 459 3839 517 3882; x_wconf 91' lang='lat' dir='ltr'><strong>sua</strong></span> <span class='ocrx_word' id='word_1_278' title='bbox 538 3814 686 3879; x_wconf 79' lang='lat' dir='ltr'><strong>Arverno</strong></span> <span class='ocrx_word' id='word_1_279' title='bbox 711 3811 871 3878; x_wconf 87' lang='lat' dir='ltr'><strong>relictam.</strong></span> <span class='ocrx_word' id='word_1_280' title='bbox 904 3814 1054 3900; x_wconf 90' lang='lat' dir='ltr'><strong>Cumque</strong></span> <span class='ocrx_word' id='word_1_281' title='bbox 1087 3813 1229 3893; x_wconf 88' lang='lat' dir='ltr'><strong>abisset,</strong></span> <span class='ocrx_word' id='word_1_282' title='bbox 1258 3814 1493 3882; x_wconf 85' lang='lat' dir='ltr'><strong>Theudoricus</strong></span> 
     </span>
     <span class='ocr_line' id='line_1_34' title="bbox 374 3913 1491 4010; baseline -0.002 -24"><span class='ocrx_word' id='word_1_283' title='bbox 374 3945 442 3986; x_wconf 90' lang='lat' dir='ltr'><strong>uon</strong></span> <span class='ocrx_word' id='word_1_284' title='bbox 459 3930 536 4010; x_wconf 92' lang='lat' dir='ltr'><strong>post</strong></span> <span class='ocrx_word' id='word_1_285' title='bbox 551 3915 672 3980; x_wconf 90' lang='lat' dir='ltr'><strong>multos</strong></span> <span class='ocrx_word' id='word_1_286' title='bbox 691 3914 762 3978; x_wconf 90' lang='lat' dir='ltr'><strong>dies</strong></span> <span class='ocrx_word' id='word_1_287' title='bbox 784 3913 870 3980; x_wconf 88' lang='lat' dir='ltr'><strong>obiit</strong></span> <span class='ocrx_word' id='word_1_288' title='bbox 885 3913 1059 3978; x_wconf 90' lang='lat' dir='ltr'><strong>vicinsimo</strong></span> <span class='ocrx_word' id='word_1_289' title='bbox 1079 3914 1184 3979; x_wconf 89' lang='lat' dir='ltr'><strong>tercio</strong></span> <span class='ocrx_word' id='word_1_290' title='bbox 1204 3916 1298 4005; x_wconf 86' lang='lat' dir='ltr'><strong>regui</strong></span> <span class='ocrx_word' id='word_1_291' title='bbox 1319 3917 1369 3980; x_wconf 90' lang='lat' dir='ltr'><strong>sui</strong></span> <span class='ocrx_word' id='word_1_292' title='bbox 1388 3940 1491 3984; x_wconf 90' lang='lat' dir='ltr'><strong>anno.</strong></span> 
     </span>
     <span class='ocr_line' id='line_1_35' title="bbox 365 4011 1497 4112; baseline -0.004 -22"><span class='ocrx_word' id='word_1_293' title='bbox 365 4027 624 4112; x_wconf 77' lang='lat' dir='ltr'><strong>&#39;Consurgentes</strong></span> <span class='ocrx_word' id='word_1_294' title='bbox 643 4030 751 4082; x_wconf 89' lang='lat' dir='ltr'><strong>autem</strong></span> <span class='ocrx_word' id='word_1_295' title='bbox 767 4015 1006 4082; x_wconf 87' lang='lat' dir='ltr'><strong>Childobertus</strong></span> <span class='ocrx_word' id='word_1_296' title='bbox 1026 4027 1059 4080; x_wconf 91' lang='lat' dir='ltr'><strong>et</strong></span> <span class='ocrx_word' id='word_1_297' title='bbox 1077 4011 1356 4083; x_wconf 85' lang='lat' dir='ltr'><strong>Chlothacharius</strong></span> <span class='ocrx_word' id='word_1_298' title='bbox 1374 4031 1497 4086; x_wconf 84' lang='lat' dir='ltr'><strong>contra</strong></span> 
     </span>
    </p>
   </div>
   <div class='ocr_carea' id='block_1_5' title="bbox 406 4221 579 4295">
    <p class='ocr_par' dir='ltr' id='par_1_8' title="bbox 406 4221 579 4295">
     <span class='ocr_line' id='line_1_36' title="bbox 406 4221 579 4295; baseline -0.023 -1"><span class='ocrx_word' id='word_1_299' title='bbox 406 4247 426 4295; x_wconf 87' lang='lat'><strong>1.</strong></span> <span class='ocrx_word' id='word_1_300' title='bbox 448 4221 518 4294; x_wconf 69' lang='lat' dir='ltr'><strong>Cart.</strong></span> <span class='ocrx_word' id='word_1_301' title='bbox 532 4241 579 4291; x_wconf 84' lang='lat' dir='ltr'><strong>ibi.</strong></span> 
     </span>
    </p>
   </div>
   <div class='ocr_carea' id='block_1_6' title="bbox 0 0 1647 5156">
    <p class='ocr_par' dir='ltr' id='par_1_9' title="bbox 0 0 1647 5156">
     <span class='ocr_line' id='line_1_37' title="bbox 0 0 1647 5156; baseline 0 0"><span class='ocrx_word' id='word_1_302' title='bbox 0 0 1647 5156; x_wconf 95' lang='lat' dir='ltr'><strong> </strong></span> 
     </span>
    </p>
   </div>
  </div>
 </body>
</html>
