3220 5158
412 399 576 449 arsroarrs
591 375 791 448 raincoaun
808 398 904 448 uam
922 401 954 448 11.
1206 404 1236 450 ss

161 516 216 600 [3].
245 517 313 582 Sed
329 517 486 605 quoniam
506 541 620 582 eornm
636 529 786 605 tempore
797 516 1013 606 persequutio
1024 517 1058 582 in
1075 518 1233 584 Christia-

117 617 169 682 nis
183 617 339 698 invaluit,
363 617 450 684 sicut
469 619 622 708 superius
640 619 764 685 mentio
785 619 870 684 facta
886 632 952 699 est,
972 619 1104 686 videtur
1123 632 1156 685 et
1176 620 1235 685 ali-

115 745 182 810 qua
200 746 240 786 ex
258 720 311 787 his
332 743 415 809 quae
433 721 521 787 circa
539 721 601 787 Dei
623 721 761 788 eclesias
781 719 987 803 intulerunt,
1004 723 1056 788 vel
1076 723 1235 812 quemad-

116 823 254 888 modum
276 823 318 888 de
339 824 442 914 regno
462 823 594 912 expulsi
617 823 700 905 sint,
727 848 921 889 memorare.
945 824 1110 889 Defuncto
1134 823 1237 916 igitur

87 926 348 991 5Trasamundo
385 938 462 1014 post
492 926 617 992 scelera
642 951 726 1016 quac
756 926 790 992 in
823 925 947 993 sanctis
979 926 1040 992 Dei
1067 926 1234 1007 exercuit,

117 1027 306 1094 Honericus
335 1041 446 1093 mente
486 1027 654 1094 crudelior
691 1027 884 1094 Africanum
917 1040 1060 1119 occupat
1096 1053 1235 1120 regnum

118 1143 217 1219 atque
248 1129 475 1196 exelectione
504 1132 744 1202 Wandalorum
767 1130 850 1221 ipsis
879 1130 1107 1220 praeponitur.
1136 1130 1237 1196 Cuius

117 1235 181 1298 sub
195 1245 345 1322 tempore
363 1232 504 1322 qua[n]ti
525 1232 791 1299 Christianorum
809 1233 924 1321 populi
945 1258 1006 1323 pro
1025 1233 1099 1323 ipso
1112 1233 1237 1300 Christi

117 1333 345 1400 sacratissimo
367 1360 489 1400 nomen
514 1335 601 1400 caesi
631 1336 714 1416 sint,
741 1337 782 1399 ab
808 1335 1001 1400 hominihus
1029 1361 1097 1401 non
1126 1349 1239 1425 potest

75 1437 381 1527 roconpraehendi.
416 1435 532 1504 Testes
563 1451 614 1503 est
641 1451 752 1503 tamen
782 1437 911 1518 Africa,
943 1462 1027 1527 quae
1059 1437 1168 1521 misit,
1205 1450 1238 1504 et

119 1539 246 1607 Christi
272 1541 426 1622 dextera,
446 1565 530 1630 quae
547 1541 687 1632 gemmis
705 1539 1033 1633 inllmarciscihilihus
1053 1541 1233 1638 coronavit.
1248 1565 1303 1613 col.
1315 1567 1353 1612 46.

133 1643 148 1734 l}
165 1641 319 1734 Legimus
336 1656 446 1708 tamen
464 1644 673 1732 quorundam
694 1668 733 1707 ex
753 1641 835 1733 ipsis
854 1655 1033 1731 martyrum
1048 1643 1352 1731 passioneS‚F01.15.

117 1770 160 1810 ex
177 1743 299 1834 quibus
316 1745 479 1834 quaedam
499 1743 738 1834 republicanda
755 1758 848 1824 sunt,
863 1756 901 1809 ut
919 1745 960 1810 ad
978 1770 1115 1834 eaquae
1135 1771 1236 1836 spon-

118 1847 229 1914 dimus
248 1848 430 1912 veniamus.

71 2059 98 2097 15
163 2032 204 2096 11.
233 2027 339 2119 Igitur
362 2028 502 2116 Cyrno,
527 2028 609 2092 lalso
632 2041 767 2094 vocatus
789 2027 985 2118 episcopus,
1011 2029 1237 2096 hereticorum

116 2147 199 2197 tunc
219 2129 380 2196 maximus
404 2131 592 2194 habebatur
613 2143 769 2195 assertor.
796 2131 946 2219 Cumque
974 2131 1014 2196 ad
1034 2155 1236 2221 persequen-

118 2236 199 2299 dum
220 2230 429 2299 Christianos
457 2257 513 2296 rex
544 2255 604 2320 per
631 2232 762 2298 diversa
789 2231 1049 2312 transmitteret,
1085 2244 1237 2297 sanctum

118 2333 306 2424 Eugenium
336 2331 548 2422 episcopum,
578 2329 691 2398 virum
707 2333 931 2399 inenarrabile
951 2333 1150 2415 sanctitate,
1179 2333 1237 2423 qni

118 2451 200 2502 tunc
219 2437 386 2500 ferebatur
406 2459 545 2526 magnae
561 2435 758 2524 prudentiae
778 2460 869 2515 esse,
888 2435 926 2500 in
945 2437 1137 2500 suburbano
1156 2435 1236 2501 civi·

72 2571 101 2608 2¹0
118 2538 198 2604 tatis
214 2562 290 2602 suae
307 2536 456 2626 repperit
477 2549 709 2626 persequutor.
733 2541 837 2620 Quem
857 2539 902 2602 ita
924 2537 1087 2602 violenter
1107 2537 1234 2626 rapuit,

118 2657 158 2711 ut
177 2667 237 2708 nec
254 2641 495 2706 cohortandum
504 2665 644 2732 ,gregem
660 2640 889 2706 christicolum
908 2639 998 2705 abire
1012 2640 1232 2729 permitteret.

117 2747 181 2814 Ille
198 2768 276 2811 vero
295 2768 369 2809 cum
392 2769 426 2808 se
447 2743 479 2807 vi
501 2743 625 2809 viderit
645 2744 784 2823 abduci,
818 2743 993 2832 epistolain
1023 2743 1151 2808 civibus
1175 2768 1236 2833 pro
1315 2742 1318 2744 ’

119 2847 374 2915 custodiendam
394 2845 493 2911 fidem
512 2847 708 2911 catholicam
727 2849 791 2911 hoc
808 2847 929 2928 modlo]
948 2845 1134 2910 transmisit
1161 2873 1167 2910 :

151 2987 325 3036 Dilectissimis
338 2993 361 3034 et
373 2987 399 3036 in
413 2987 509 3036 Christi
517 3004 602 3034 amore
615 2986 768 3035 dulcissimis
780 2987 842 3049 filiis
855 2993 879 3034 et
889 2986 995 3049 filiabus
1011 2987 1131 3035 ecclesiae
1149 2987 1212 3034 mihi
1221 3005 1237 3034 a

75 3067 103 3106 25
118 3056 173 3099 Deo
181 3051 329 3098 commissae
340 3051 470 3114 Eagenius
479 3049 618 3114 episcopus.
631 3050 734 3116 Regalis
744 3049 871 3097 emanavit
880 3049 1021 3098 auctoritas
1028 3087 1034 3106 ,
1039 3067 1089 3112 pro
1097 3051 1238 3098 eaercenda

118 3114 173 3176 fide
187 3111 313 3160 catholica
325 3111 408 3160 edicto
419 3128 465 3159 nos
478 3113 514 3160 ad
529 3113 692 3178 Cartaginem
705 3115 788 3160 venire
796 3112 936 3176 praecepit.
950 3115 983 3158 Et
1000 3113 1057 3160 ideo
1068 3129 1100 3160 ne
1121 3113 1238 3160 abiensa

120 3175 192 3222 vobis
209 3172 341 3222 eeclesiam
353 3175 401 3221 Dei
416 3173 441 3220 in
460 3175 592 3246 ambigua,
615 3175 662 3221 hoc
683 3181 720 3222 est
740 3176 765 3222 in
783 3192 916 3238 suspenso,
935 3175 1100 3232 dimitterem,
1121 3180 1166 3222 aut
1183 3191 1239 3221 oves

122 3237 219 3287 Christi
230 3252 280 3283 non
293 3242 320 3284 ut
333 3253 404 3283 verus
415 3241 504 3298 pastor
515 3237 615 3284 silentio
632 3237 802 3300 reliquissem,
818 3236 988 3284 necessarium
1001 3237 1065 3285 duat
1081 3237 1128 3284 has
1139 3254 1188 3300 pro
1201 3254 1240 3284 me

122 3301 233 3348 vicarias
246 3304 342 3346 restrae
359 3297 469 3362 dirigere
484 3299 630 3356 sanctitati,
651 3301 677 3347 in
697 3299 788 3362 quibus
804 3316 854 3348 non
871 3299 924 3347 sine
941 3297 1053 3346 lacrimis
1076 3305 1151 3362 peto,
1171 3305 1240 3347 ortar

78 3379 106 3415 no
121 3368 147 3411 et
158 3378 261 3417 moneo,
281 3366 305 3408 et
317 3360 380 3408 satis
398 3361 549 3424 abundeque
561 3362 671 3410 obtestor
683 3379 732 3424 per
744 3362 791 3410 Dei
806 3361 964 3410 maiestatem
982 3368 1006 3409 et
1017 3378 1066 3425 per
1084 3364 1240 3410 tremendam

121 3423 215 3472 indicii
231 3423 298 3470 diem
316 3429 392 3486 atque
407 3423 542 3470 adrentum
562 3423 657 3472 Christi
670 3424 807 3471 terribilem
824 3425 980 3481 claritatem,
996 3429 1023 3471 ut
1040 3424 1240 3486 fixiusteneatis

122 3485 276 3534 catholicam
296 3486 385 3547 fidem,
409 3485 554 3534 adserentes
576 3485 676 3542 Filium,
696 3490 798 3534 Patrem
817 3492 841 3533 et
859 3485 980 3549 Spiritum
998 3492 1114 3534 sanctum
1135 3487 1242 3534 eandem

122 3550 216 3596 hahere
229 3565 287 3594 cum
299 3552 401 3596 Patrem
413 3553 436 3595 et
448 3547 513 3596 Filio
525 3548 654 3596 deitatem.
664 3552 766 3597 Servate
777 3552 864 3612 itaque
873 3547 942 3595 unici
951 3549 1112 3612 baptismatis
1117 3549 1240 3614 gratiam,

121 3612 294 3660 custodientes
317 3609 444 3657 crismatis
468 3610 618 3658 unctionem.
636 3614 713 3657 Nemo
727 3617 787 3675 post
806 3628 901 3674 aquam
919 3617 1060 3659 revertatur
1081 3613 1116 3658 ad
1133 3629 1149 3659 a
1169 3629 1240 3668 uam,

81 3695 108 3732 35
123 3681 227 3722 renatus
237 3691 270 3721 ea
281 3687 359 3736 aqua.
375 3675 444 3720 Nutu
457 3673 523 3720 enirn
534 3674 582 3720 Dei
592 3673 634 3720 sal
642 3672 668 3719 in
681 3690 750 3736 aqua
758 3673 900 3735 conficitur,
909 3673 984 3721 sedsi
994 3673 1019 3720 in
1033 3691 1139 3736 aquare
1159 3680 1243 3721 actum

122 3736 215 3801 suerit,
230 3735 313 3783 arnnis
324 3735 418 3798 species
434 3734 488 3782 eius
500 3735 632 3798 confestim
644 3742 790 3784 evacuatur.
809 3736 878 3783 Unde
890 3751 940 3782 nan
956 3736 1072 3784 inmerito
1083 3737 1204 3784 Dominus
1217 3736 1242 3782 in

123 3798 257 3863 euangelia
270 3797 326 3845 ait:
340 3815 352 3846 a
365 3799 394 3846 Si
402 3797 444 3844 sal
454 3797 611 3861 infatuatum
620 3797 711 3860 faerit,
722 3798 747 3844 in
760 3815 809 3861 qno
822 3797 947 3845 salietur?
959 3799 969 3834 1
984 3815 996 3845 n
1009 3801 1042 3845 Et
1050 3798 1136 3861 utique
1148 3799 1195 3845 hoc
1206 3802 1243 3844 est

124 3861 253 3925 infatuari
265 3859 326 3907 velle
336 3861 446 3907 secanda
459 3859 571 3918 condiri,
583 3876 639 3906 cam
649 3859 726 3906 semet
732 3861 829 3923 factum
837 3859 958 3924 sufficiat.
973 3864 1029 3908 Non
1038 3861 1148 3908 audistis
1161 3860 1244 3909 Chris·

123 3929 176 3971 tum
200 3924 349 3970 dicentem:
376 3939 387 3970 a
413 3923 463 3986 Qui
485 3922 562 3969 semel
586 3921 652 3969 lotus
678 3927 727 3979 est,
755 3939 805 3970 non
836 3922 912 3970 habet
940 3919 1127 3985 nellcessrtatem
1154 3913 1359 3970 iterantcol·47·

82 3999 109 4038 40
125 3985 250 4034 lavandi?
263 4001 275 4032 n
291 3987 301 4019 ²
313 3985 423 4056 Ideoque
429 3985 525 4048 [ratres
535 3990 559 4032 et
570 3983 620 4046 filii
631 3984 752 4055 filiaeque
760 4001 829 4032 meae
839 3987 864 4032 in
877 3987 996 4042 Domino,
1006 4001 1055 4032 non
1065 4002 1106 4032 ros
1114 3985 1244 4033 contristet

124 4049 242 4097 absentia
255 4065 325 4105 mea,
339 4063 414 4111 quta,
428 4047 452 4094 si
460 4047 602 4097 catholicae
612 4047 763 4112 disciplinae
779 4047 955 4106 adhaereatis,
968 4065 1012 4112 ego
1028 4064 1070 4094 ros
1082 4064 1128 4095 nec
1140 4048 1244 4111 longin-

158 4283 179 4331 l.
195 4283 286 4332 Matth.
302 4283 421 4342 5,13.-
436 4284 457 4330 2.
477 4283 547 4330 Ioan.
560 4283 597 4340 13,
612 4283 650 4330 10.
