3238 5140
419 411 585 460 HISTORIAE
602 409 802 468 FRANCORUII
820 409 916 460 LIBER
933 411 953 458 1.
1213 410 1241 458 17

170 528 288 592 XXIII.
312 526 520 593 Dominicam
539 553 617 596 vero
642 527 897 594 resurrectionis
916 527 1005 593 diem
1030 525 1136 617 prima
1157 527 1243 592 facta

130 627 313 708 credimus,
330 654 398 694 non
418 629 608 719 septimam,
630 629 715 696 siout
738 629 832 696 multi
861 641 990 718 putant.
1017 628 1079 696 Hic
1103 641 1154 694 est
1170 627 1242 694 dies

129 731 383 797 resurrectionis
407 732 534 797 domini
564 732 670 798 nostri
690 734 764 798 lesu
794 731 932 813 Christi,
959 756 1057 821 quem
1087 730 1242 820 propriae

131 857 190 898 nos
209 834 418 902 dominecam
438 862 499 926 pro
517 846 629 904 sancta
645 835 715 902 eius
734 834 978 900 resurrectione
995 857 1162 904 vocamus.
1184 832 1245 898 llic

104 935 256 1023 sprimus
279 939 388 1004 lucem
408 939 494 1004 vidit
517 939 552 1004 in
577 937 763 1028 principio,
786 949 818 1002 et
841 937 896 1002 hio
921 936 1047 1026 primus
1066 934 1242 1002 Dominum

131 1053 361 1130 resurgentem
380 1042 606 1130 contemplare
622 1039 743 1108 meruit
756 1041 797 1106 de
812 1040 1001 1129 sepulchro.

174 1142 201 1207 Α
226 1141 417 1238 captivitate
441 1169 519 1238 vero
545 1141 786 1209 Hierusolimae
812 1154 847 1208 et
865 1141 1106 1208 desolationem
1130 1142 1248 1231 templi

131 1267 235 1333 usque
262 1245 302 1309 ad
336 1245 526 1334 passionem
560 1244 687 1310 domini
724 1243 829 1310 nostri
861 1248 936 1311 lesu
966 1243 1104 1326 Christi,
1140 1245 1174 1309 id
1199 1257 1250 1309 est

130 1371 235 1435 usque
270 1346 397 1438 Tiberii
435 1348 577 1438 septimo
613 1347 743 1413 decimo
773 1371 877 1428 anuo,
914 1347 1148 1436 subputantur,
1172 1344 1250 1412 anni

94 1473 117 1510 ro
132 1450 347 1531 [DCLXVIII]
362 1450 385 1514 ¹.

176 1660 291 1726 XXIV.
314 1660 506 1748 Resurgens
525 1669 633 1722 autem
653 1656 837 1736 Dominus,
860 1681 920 1744 per
942 1656 1162 1748 quadraginta
1179 1658 1251 1724 dies
1322 1729 1327 1752 ‘

132 1783 207 1825 cum
228 1758 403 1848 discipulis
426 1759 467 1824 de
485 1783 589 1849 regno
614 1758 676 1824 Dei
700 1758 894 1847 disputans,
917 1758 1108 1824 videntibus
1128 1758 1194 1824 illis
1216 1761 1251 1824 in

132 1862 241 1926 nubae
260 1873 435 1949 susceptus
452 1872 656 1948 evectusque
676 1860 711 1924 iu
735 1858 856 1940 caelis,
883 1859 922 1923 ad
948 1859 1055 1924 Patris
1082 1860 1252 1926 dexteram

132 1962 258 2028 resedit
274 1962 453 2052 gloriosus.
475 1963 610 2051 Pylatus
630 1975 739 2027 autern
764 1974 857 2052 gesta
883 1961 923 2026 ad
944 1961 1113 2028 Tiberium
1132 1965 1251 2029 Caesa-

91 2094 116 2131 15
132 2090 202 2130 rem
217 2064 321 2129 mittit
338 2077 372 2129 et
387 2065 416 2130 ei
436 2077 503 2128 tam
523 2065 565 2130 de
584 2063 762 2129 virtutibus
783 2065 908 2128 Christi
922 2088 1020 2152 quam
1036 2065 1251 2153 depassi'one

131 2168 183 2233 vel
215 2166 462 2232 resurrectione
500 2166 571 2232 eius
609 2166 768 2230 insinuat.
808 2169 900 2249 Quae
941 2179 1034 2256 gesta
1067 2166 1154 2255 apud
1191 2193 1251 2234 nos

131 2261 233 2336 hodie
252 2282 448 2334 retenentur
469 2269 603 2358 scripta.
626 2268 787 2357 Tyberius
806 2281 915 2334 autem
937 2270 1002 2332 hoo
1025 2269 1064 2333 ad
1082 2282 1275 2334 senatores·

132 2370 324 2451 recensivit,
346 2371 435 2459 quod
456 2383 590 2436 senatus
614 2395 687 2435 eum
710 2369 757 2433 ira
779 2367 919 2460 resllpuit
931 2394 991 2459 pro
1008 2394 1059 2451 eo,
1080 2373 1169 2460 quod
1183 2396 1250 2436 nou
1263 2392 1314 2439 col.
1333 2392 1370 2438 20.

132 2476 173 2540 ad
191 2501 265 2540 eum
281 2474 435 2564 primitus
460 2459 683 2540 advenissent.
704 2473 717 2564 l]
751 2473 836 2538 Hine
854 2474 977 2539 etenim
1003 2461 1368 2540 contraChris·F01.tl.

87 2577 242 2643 aetianos
265 2578 371 2667 prima
396 2577 547 2642 odiorum
567 2577 717 2667 germina
738 2576 955 2665 pullularunt.
983 2577 1117 2664 Pylatus
1140 2591 1248 2642 autem

133 2705 202 2744 non
218 2704 416 2769 permanens
432 2679 618 2767 inpunitus,
636 2681 679 2743 ob
699 2703 776 2743 suae
798 2678 942 2743 malitiae
956 2679 1104 2759 scelere,
1120 2680 1185 2744 hoc
1199 2693 1250 2744 est

135 2807 195 2872 pro
219 2784 363 2847 necem‘2
387 2805 484 2872 quam
509 2781 544 2846 in
566 2781 736 2845 dominum
760 2793 910 2846 nostrum
941 2785 1049 2847 lesum
1078 2782 1248 2846 Christum

133 2883 295 2964 exercuit,
317 2883 462 2973 propriis
484 2908 518 2948 se
540 2883 692 2948 manibus
708 2883 887 2948 interfecit.
908 2887 1014 2967 Quem
1037 2883 1249 2949 Manicheum

132 2987 237 3051 fuisse
255 2987 348 3051 multi
370 3000 488 3075 putant
505 2987 688 3050 secundum
706 2986 789 3051 illud
810 2987 899 3075 quod
920 2985 955 3050 in
974 2986 1148 3076 euangelio
1170 2986 1250 3076 legi·

86 3117 115 3155 as
132 3101 214 3154 tur:
241 3091 402 3154 Venerunt
423 3091 557 3180 quidam
582 3091 620 3153 de
649 3089 801 3178 Galilaia,
824 3095 1019 3154 nutreiuntee
1044 3096 1088 3169 ei,
1110 3114 1249 3180 quorum

132 3197 297 3281 sanguine
326 3197 454 3256 miscuit
485 3193 627 3278 Pylatus
656 3217 728 3256 cum
750 3192 926 3278 sacrifieiis
951 3193 1100 3255 eoruml.
1129 3191 1184 3257 Sic
1219 3204 1252 3256 et

133 3292 278 3359 Herodis
300 3317 373 3373 rex,
398 3293 476 3358 dum
496 3293 531 3358 in
554 3293 724 3383 apostulus
752 3295 887 3358 Domini
912 3292 1048 3372 seviret,
1073 3318 1277 3382 percussus.

133 3395 295 3462 divinitus
310 3397 353 3460 oh
370 3407 462 3461 tanta
480 3396 617 3477 scelera,
637 3395 855 3460 intumiscens
877 3421 913 3461 ac
929 3398 1250 3476 scatensvermihum

133 3510 274 3588 accepto
293 3499 399 3564 cultro
420 3511 455 3564 ut
474 3500 591 3563 malum
612 3512 781 3590 purgaret,
796 3497 950 3588 propriae
965 3523 999 3562 se
1015 3498 1166 3562 manibus
1185 3499 1252 3563 ictu

86 3629 115 3667 ao
132 3600 280 3666 libravit.

181 3810 282 3876 XXV.
301 3812 423 3874 Beatus
441 3812 560 3873 Petrus
583 3809 754 3897 apostolus
781 3811 842 3872 suh
867 3808 1068 3898 imperatore
1092 3810 1252 3892 Claudio,

133 3922 255 3999 quarto
273 3913 313 3976 ab
333 3912 500 4002 Augusto,
524 3913 662 3976 Romam
677 3911 882 4002 adgreditur,
903 3910 1017 4002 ibique
1042 3915 1252 4002 praedicam,

133 4015 171 4080 in
199 4013 310 4080 multis
335 4013 514 4079 virtutibus
544 4013 812 4078 manifestissime
847 4015 1015 4080 Christum
1047 4040 1120 4081 esse
1152 4017 1255 4082 lilium

166 4298 193 4346 l.
210 4299 334 4345 Nuirerua
348 4295 455 4344 abrasus
468 4301 491 4344 et
502 4297 603 4346 oranius
617 4296 714 4345 deletus
726 4303 771 4345 est.
788 4323 816 4334 -
830 4299 851 4344 2.
867 4301 937 4350 Corr.
952 4313 1020 4348 nece.
1034 4326 1064 4336 —-
1076 4302 1096 4346 3.
1109 4300 1168 4348 Luc.
1184 4300 1221 4359 13,
1234 4302 1256 4348 l.
