3226 5156
401 451 567 502 HISTORIAE
584 451 786 504 FRANGORUM
803 454 901 519 LIBER
918 455 964 506 111.
1212 457 1242 507 ,89

118 572 232 656 noctis
249 591 323 636 cum
341 569 456 636 cuneis
474 570 594 637 malleo
608 570 777 660 percussis
790 574 1003 641 obseraverat
1012 597 1073 661 pro
1090 571 1247 656 custodia

117 672 343 754 caballorum
366 684 399 738 et
414 671 540 764 gratias
556 697 661 764 agens
686 677 785 756 Deo,¹
798 675 941 763 sumptis
964 673 1103 764 reliquis
1124 673 1240 764 equiti·

117 775 347 858 bus-secum,
379 773 623 854 discesserunt,
664 779 898 841 unumetiam
935 777 1101 842 voluclum
1141 776 1240 841 vesti-

118 878 226 942 menti
256 877 423 945 tollentes.
457 878 637 948 Venientes
663 890 773 943 autem
803 879 844 944 ad
867 879 1041 945 Mosellam
1073 877 1307 967 flutlvium,001·
1323 881 1374 968 121.

89 1007 101 1044 5
118 991 158 1045 ut
175 978 375 1059 transirent,
395 1003 469 1044 cum
489 980 728 1049 detenereutur
745 980 993 1070 aquibusdam,
1012 980 1138 1052 relictis
1150 981 1240 1071 equi

118 1081 210 1148 tibus
222 1094 256 1146 et
271 1081 498 1162 vestimentis,
514 1094 667 1149 natantes
687 1108 787 1172 super
804 1109 918 1173 parma
937 1084 1040 1174 positi
1055 1109 1197 1166 amnem,
1207 1087 1241 1153 in

118 1183 313 1252 ulteriorem
332 1184 458 1276 egressi
474 1198 551 1250 sunt
570 1184 693 1274 ripam,
706 1199 746 1250 et
759 1185 848 1254 inter
865 1189 1008 1252 obscura
1017 1187 1126 1254 noctis
1143 1187 1240 1254 silvas

115 1288 301 1353 latuerunt.
324 1286 442 1353 Tereia
457 1288 545 1352 enim
560 1289 837 1370 noxadvenerat,
864 1290 953 1379 quod
974 1289 1101 1356 nullum
1120 1275 1240 1379 cybum

115 1401 294 1481 gustantes
321 1389 386 1455 iter
406 1392 570 1464 terebant.
595 1393 687 1456 Tunc
712 1403 795 1457 nutu
810 1391 873 1476 Dei
893 1405 1059 1482 repertam
1086 1393 1240 1459 arborem

75 1520 100 1558 ro
115 1493 253 1582 plenam
269 1494 396 1583 pqmis,
414 1517 478 1583 qna
492 1494 592 1584 vulgo
613 1519 720 1582 pruna
739 1506 876 1574 vocant,
897 1494 1096 1574 comedunt,
1110 1519 1240 1584 parum·

115 1622 180 1686 per
191 1595 386 1680 sustentati,
405 1597 548 1687 ingressi
565 1610 644 1672 sunt
655 1596 719 1662 iter
732 1596 943 1686 Campaniae.
960 1597 1090 1683 Quibus
1101 1622 1241 1688 pergen-

114 1700 227 1779 tibus,
248 1699 388 1764 audiunt
398 1699 594 1787 pedibulum
610 1699 759 1789 equitum
775 1699 979 1769 currentium
990 1699 1212 1790 dixeruntque
1231 1727 1238 1770 z

116 1828 136 1866 u
159 1804 413 1868 Prosternamus
432 1813 557 1882 terrae,
577 1826 619 1866 ne
634 1826 851 1891 appareamus
871 1801 1064 1867 hominibus
1081 1801 1241 1867 venienti-

115 1907 226 1970 bus»
249 1906 291 1968 Et
309 1927 387 1968 ecce
407 1927 447 1968 ex
462 1903 632 1993 inproviso
642 1903 750 1993 sterps
763 1906 864 1970 nubi¹
883 1927 1022 1993 magnus
1038 1903 1154 1983 adfuit,
1165 1917 1242 1994 post

70 2035 97 2072 15
115 2031 220 2096 quem
239 2017 469 2088 transeuntes,
486 2005 700 2096 proiecerunt
712 2019 747 2070 s'e
766 2018 873 2072 terrae
888 2003 1162 2097 cum'evaginatis
1173 2006 1239 2096 gla-

115 2111 220 2190 diis,
242 2107 371 2173 scilicet
396 2121 450 2190 ut,
475 2121 510 2174 'se
539 2109 803 2188 adverterentur,
826 2110 1001 2174 confestim
1023 2133 1058 2173 se
1078 2107 1174 2198 quasi
1200 2111 1242 2174 ab

116 2211 273 2302 inprobis
299 2211 523 2276 defensarent.
541 2213 885 2279 ‘Verumtamen‘cum
907 2211 1078 2276 venissent
1100 2210 1136 2276 in
1166 2211 1240 2276 loco

116 2317 195 2395 illo,
222 2338 342 2380 coram·
357 2313 460 2402 stirpe
481 2313 598 2401 spineo
613 2313 837 2396 ·restiterunt;
861 2313 1011 2402 dixitque
1034 2337 1137 2393 unus,
1161 2313 1241 2377 dum

116 2416 196 2507 equi
213 2415 564 2505 urinamproieeerint
584 2441 590 2478 :
607 2442 624 2478 «
640 2419 708 2484 Vae
726 2414 820 2494 mihi,
834 2415 912 2505 quia
927 2414 1058 2505 fugiunt
1073 2413 1120 2478 hii
1134 2413 1240 2478 detes·

67 2549 98 2587 ro
115 2519 239 2585 tabiles
252 2543 315 2584 nec
326 2517 497 2607 repperire
508 2530 666 2607 possunt;
681 2542 795 2583 verum
806 2518 882 2583 dieo
897 2542 958 2607 per
970 2517 1108 2581 salutem
1119 2538 1237 2595 meam,

116 2622 213 2712 quia,
237 2623 265 2687 si
282 2619 523 2700 invenirentur,
543 2645 645 2687 unum
658 2620 848 2710 patibulum
857 2618 1073 2689 condemnari
1092 2631 1126 2683 et
1138 2617 1238 2683 alium

115 2724 307 2816 gladiorum
324 2722 445 2789 ictibus
461 2725 498 2787 in
512 2723 634 2788 frustra
641 2723 828 2818 llldiscerpi
846 2721 1013 2788 iubebam.
1027 2748 1043 2784 u
1055 2723 1134 2787 Erat
1146 2719 1238 2786 enim
1250 2734 1304 2782 Fol.
1317 2737 1354 2783 38.

116 2830 280 2894 barbarus
300 2826 374 2906 ille,
397 2825 552 2916 qui'haec
566 2826 694 2906 aiebat,
707 2823 1056 2906 dominuseorum‚de
1073 2825 1237 2890 Remense

116 2932 200 2997 urbe
220 2929 377 3010 veniens,
398 2931 461 2995 hos
481 2929 675 3020 inquirens,
699 2942 733 2994 et
750 2928 957 3019 repperisset
975 2927 1091 3017 utique
1110 2925 1145 2991 in
1163 2924 1234 3006 via,

64 3064 95 3102 25
114 3035 143 3101 si
164 3059 230 3099 nox
249 3029 459 3098 obstaculum
479 3057 547 3097 non
567 3033 803 3123 praebuisset·
820 3036 913 3098 Tunc
937 3029 1035 3096 motis
1051 3027 1234 3120 equitibus,

114 3137 357 3202 discesserunt.
378 3134 432 3203 Hii
461 3147 571 3200 autem
598 3148 697 3200 nocte
727 3135 800 3224 ipsa
820 3137 1013 3225 adtigerunt
1038 3133 1078 3197 ad
1098 3133 1233 3211 urbem,

114 3239 327 3332 ingressique
345 3237 545 3303 invenerunt
569 3238 756 3322 hominem,
784 3263 883 3327 quem
905 3234 1075 3314 suscitati,
1099 3233 1235 3299 ubinam

114 3354 207 3409 esset
217 3341 336 3407 domus
355 3340 494 3406 Paulelli
511 3341 707 3430 presbiteri,
728 3339 896 3406 indecavit
916 3340 974 3405 eis.
999 3337 1064 3423 Qui
1082 3339 1160 3403 dum
1176 3361 1237 3426 per
1263 3410 1265 3414 ,
1352 3402 1354 3405 ,

113 3447 261 3536 plateam
286 3443 524 3534 praeterirent,
552 3443 744 3534 signumad
768 3441 949 3508 matutinus
971 3453 1099 3507 motum
1120 3452 1171 3504 est
1192 3477 1237 3488 -

66 3581 96 3618 ao
113 3559 189 3614 erat
205 3546 293 3612 enim
313 3545 570 3611 dies'dominica
582 3583 634 3626 -,
649 3545 888 3636 pulsantesque
900 3543 1032 3609 ianuam
1041 3541 1232 3632 presbiteri,

112 3649 261 3740 ingressi
292 3660 381 3728 sunt,
419 3648 637 3739 exposuitque
664 3673 748 3738 puer
766 3649 808 3713 de
835 3646 971 3742 domino
1001 3670 1072 3710 suo.
1100 3644 1161 3710 Cui
1185 3643 1235 3708 ‘ait

112 3753 284 3841 presbiter
306 3776 312 3814 :
335 3755 454 3820 «Vera
479 3763 530 3816 est
551 3749 639 3816 enim
659 3750 742 3816 visio
763 3775 845 3814 mea.
869 3753 951 3817 Nam
971 3747 1124 3814 videbam
1151 3747 1233 3812 duas

112 3855 151 3918 in
167 3855 229 3918 hac
245 3866 343 3919 nocte
364 3855 534 3920 columbas
552 3852 705 3918 advolare
722 3865 755 3918 et
771 3853 954 3918 consedere
969 3853 1004 3918 in
1024 3875 1122 3916 manu
1141 3873 1228 3930 mea,
1251 3871 1252 3874 ’

114 3955 296 4045 exquibus
314 3955 327 4047 Η
343 3981 408 4023 una
426 3958 516 4037 alba,
532 3957 594 4021 alia
610 3946 719 4021 autem
735 3955 830 4047 nigra
839 3968 919 4020 erat.
940 3981 957 4018 »
975 3954 1131 4044 Dixitque
1150 3976 1235 4043 puer
1245 3975 1299 4024 Col.
1320 3977 1371 4024 lar.

65 4087 97 4124 rs
112 4057 305 4148 presbitero
326 4085 332 4123 :
353 4059 559 4149 «Indulgent
578 4057 740 4124 Dominus
760 4083 821 4148 pro
843 4057 896 4123 die
916 4082 974 4123 sua
1001 4070 1124 4122 sancta.
1150 4060 1233 4124 Nam

113 4186 179 4226 nos
196 4184 368 4252 rogamus,
390 4176 426 4228 ut
446 4161 572 4252 aliquid
588 4161 677 4227 victu
697 4164 878 4250 praebeas;
900 4173 1017 4251 quarta
1037 4161 1124 4226 enim
1144 4159 1232 4224 inlu·

150 4383 171 4431 1.
192 4384 262 4432 Corr.
282 4384 348 4434 rubi.
362 4411 392 4422 -
405 4385 426 4433 2.
449 4387 517 4434 Corr.
538 4386 629 4434 frusta.
