3256 5144
14 476 15 568 l
416 472 582 548 ursmare
598 471 798 522 FRANCORUM
816 471 912 522 LIBER
929 472 971 520 Vl.
1209 474 1253 522 217

133 587 304 678 liliumque
342 611 437 654 suum
467 589 634 678 baptismo
677 590 836 669 tradidit,
883 613 981 681 quem
1017 589 1253 680 Ragnemodus

132 689 238 779 ipsius
259 690 350 756 urbis
369 691 526 756 sacerdos
550 693 592 757 de
610 693 740 758 lavacro
761 703 877 760 saneto
902 693 1051 780 suscepit
1076 693 1254 780 ipsumque

133 791 379 858 l'heodoricum
399 795 545 888 vocitare
564 793 739 884 praecipit.

176 975 236 1040 XX
253 973 330 1062 (28).
351 977 483 1040 Marcus
504 999 638 1064 quoque
657 974 920 1060 referendarius,
940 974 992 1040 cui
1016 998 1116 1062 supra
1137 974 1253 1040 memi-

104 1074 264 1162 suimus,¹
279 1088 356 1165 post
371 1090 594 1167 congregatos
614 1079 656 1142 de
681 1076 806 1167 iniquis
823 1075 1103 1142 discribtionibus
1123 1077 1254 1142 thesau-

132 1201 205 1255 ros,
226 1178 338 1242 subito
364 1178 467 1244 latere
493 1179 610 1244 dolore
637 1180 812 1258 detentus,
841 1191 942 1266 caput
966 1177 1133 1257 totundit,
1156 1191 1255 1267 atque

132 1278 372 1367 paenitentiam
389 1281 575 1369 accipiens,
595 1281 749 1370 spiritum
767 1280 926 1356 exalavit;
945 1305 1065 1370 resque
1081 1281 1152 1346 eius
1173 1279 1254 1346 fiseo

132 1381 283 1446 conlatae
306 1394 394 1446 sunt.
416 1385 498 1448 Nam
515 1383 626 1474 magni
651 1382 777 1448 ibidem
796 1381 946 1449 thesauri
969 1407 1010 1448 ex
1034 1407 1114 1447 auro
1134 1407 1253 1472 argen-

130 1494 232 1572 toque
259 1496 292 1548 et
316 1485 493 1550 multarum
525 1485 714 1574 specierum
744 1484 867 1574 reperti
899 1498 996 1564 suut,
1022 1483 1106 1550 nihil
1134 1484 1254 1550 exinde

94 1607 118 1644 ro
133 1607 245 1649 seeum
263 1585 353 1650 aliud
370 1599 509 1675 portans
527 1586 592 1652 nisi
609 1586 737 1652 animae
757 1585 1006 1652 detrimentum.

174 1765 248 1829 XXI
270 1763 346 1852 (29).
371 1765 485 1853 Legati
511 1765 553 1831 de
572 1764 742 1855 Hispaniis
771 1765 893 1831 reversi
920 1765 1003 1831 nihil
1028 1779 1118 1830 certe
1135 1790 1254 1831 renun-

130 1867 306 1944 tiaverunt,
326 1891 365 1931 eo
384 1869 474 1956 quod
492 1868 704 1958 leuvigildus
721 1881 837 1935 contra
851 1866 954 1932 filiurn
976 1891 1070 1931 suurn
1087 1867 1253 1932 seniorem

128 1969 162 2032 in
188 1967 336 2048 exercitu
364 1971 546 2035 resederet.
578 1973 615 2035 ln
643 1970 846 2036 monasterio
876 1983 984 2036 autem
1009 1970 1125 2034 beatae
1150 1969 1254 2034 Rade-

129 2069 262 2160 gundae
277 2072 388 2159 puella
409 2073 571 2162 quaedam
594 2075 728 2138 nomine
749 2073 914 2150 Disciola,
935 2097 1019 2161 quae
1040 2069 1128 2136 beati
1154 2069 1254 2137 Salvii

93 2196 117 2234 15
132 2170 301 2236 Albiensis
322 2174 473 2263 episcopi
490 2173 600 2264 neptis
614 2189 706 2254 erat,
722 2174 806 2240 obiit
822 2175 835 2265 ll
852 2177 916 2240 hoe
931 2175 1041 2239 modo.
1059 2176 1141 2240 Cum
1158 2197 1256 2264 egro·
1264 2183 1320 2233 Fot
1336 2185 1372 2232 89.

131 2285 201 2338 tare
231 2275 416 2363 coepisset,
445 2289 478 2341 et
505 2279 535 2340 ei
561 2277 714 2341 assiduae
746 2301 878 2341 sorores
912 2277 995 2340 aliae
1027 2275 1255 2352 deservirent,

130 2374 222 2439 venit
241 2376 313 2441 dies
330 2376 402 2456 ille,
424 2403 490 2468 quo
508 2377 667 2468 migraret
686 2402 703 2441 a
724 2401 884 2467 eorpore;
913 2390 946 2442 et
963 2376 1050 2441 circa
1067 2378 1147 2441 hora
1169 2400 1257 2440 nona

132 2475 177 2540 ait
196 2477 368 2544 sororibus
390 2506 395 2543 :
420 2506 437 2542 a
461 2484 545 2546 Ecce
574 2479 638 2544 iam
662 2504 714 2545 me
735 2479 892 2546 leviorem
916 2478 1044 2558 sentio;
1071 2503 1149 2543 ecce
1172 2476 1257 2542 nihil

133 2577 248 2643 doleo!
270 2582 366 2646 Nunc
383 2595 492 2647 autern
509 2607 576 2646 non
593 2597 645 2647 est
665 2606 802 2647 necesse
819 2580 1039 2646 sollicitudini
1054 2593 1202 2658 vestrae,
1223 2591 1258 2643 ut

92 2680 216 2744 mmihi
239 2706 337 2746 curae
359 2683 484 2774 aliquid
507 2683 720 2773 inpendatis3
741 2685 799 2747 sed
822 2685 933 2771 potius
959 2681 1116 2747 discidite
1137 2706 1154 2746 a
1185 2707 1255 2760 me,

134 2807 200 2871 quo
217 2783 347 2850 facilius
362 2810 483 2874 sopore
500 2787 655 2851 relaxem.
683 2811 698 2847 n
719 2789 806 2850 Hace
825 2784 999 2849 audientes
1018 2807 1151 2848 sorores
1167 2784 1256 2862 eius,

134 2899 346 2952 recesserunt
367 2913 547 2976 parumper
567 2913 584 2953 e
606 2888 742 2966 cellola3
767 2901 800 2952 et
825 2899 902 2975 post
925 2886 1092 2975 paululum
1115 2885 1257 2950 advene-

136 2998 223 3050 runt.
244 2988 398 3078 Denique
422 2989 588 3054 stantibus
610 2989 677 3054 illis
701 3015 811 3055 coram
845 3013 899 3066 ea,
927 2989 1151 3077 expectabant
1177 2986 1258 3076 quid

135 3090 176 3152 ab
199 3087 256 3153 illa
279 3090 458 3157 locutionis
481 3092 647 3157 audirent.
669 3096 743 3181 lpsa
765 3105 890 3171 autem,
910 3090 1065 3180 expansis
1086 3089 1257 3167 manibus,

94 3215 120 3253 ra
135 3190 406 3258 benedictionem
428 3219 443 3258 a
467 3194 582 3260 neseio
604 3220 671 3284 quo
702 3195 906 3283 efflagitans,
940 3195 1010 3258 ait:
1041 3219 1058 3254 «
1089 3191 1258 3276 Benedic,

134 3289 271 3379 inquid,
287 3295 387 3372 mihi,
403 3297 508 3362 sancti
532 3322 570 3362 ac
597 3296 708 3361 l'amuli
728 3297 790 3361 Dei
809 3294 971 3372 excaelsi;
993 3319 1071 3359 ecoe
1086 3292 1175 3358 enirn
1194 3293 1259 3358 iam

134 3393 234 3457 tertio
266 3396 413 3486 fatigaris
442 3397 543 3463 hodie
573 3423 664 3463 meae
691 3399 806 3462 causa!
842 3401 883 3462 Et
912 3421 1008 3486 quur,
1038 3409 1171 3476 sancte,
1197 3421 1259 3486 pro

135 3493 265 3560 infirma
295 3498 491 3565 muliercula
520 3502 654 3566 crebras
690 3499 828 3564 iniurias
856 3497 1036 3588 sullstines?
1067 3525 1083 3560 n
1111 3500 1389 3570 luheren-eoram.

134 3597 292 3686 gentibus
314 3626 392 3665 vero
416 3601 482 3666 illis
504 3603 545 3665 ad
563 3627 661 3690 quem
676 3603 759 3667 haec
779 3603 879 3665 verba
900 3602 1082 3690 prol'erret,
1104 3601 1258 3689 paenitus

94 3722 120 3761 ao
136 3722 202 3762 non
223 3713 274 3764 est
299 3701 408 3767 ellata.
439 3707 532 3769 Tunc
559 3704 645 3769 facto
671 3703 803 3768 modico
830 3702 1022 3779 intervallo,
1046 3702 1156 3766 emisit
1177 3726 1258 3765 voce

135 3823 255 3890 magna
280 3827 354 3868 oum
379 3805 466 3883 risu;
495 3818 527 3870 et
557 3804 604 3870 sio
633 3805 774 3870 tradidit
806 3804 971 3894 spiritum.
1004 3807 1091 3868 Ecce
1122 3802 1257 3892 quidam

135 3901 378 3994 inerguminus‚
397 3909 453 3994 qui
474 3920 554 3972 tunc
573 3908 613 3972 ad
632 3908 721 3972 beati
741 3907 859 3972 Crucis
883 3906 1024 3998 gloriam
1045 3905 1257 3969 mundandus

135 4004 327 4084 advenerat,
345 4021 510 4097 arreptam
532 4011 685 4074 manibus
709 4009 909 4086 caesariem,
933 4007 1069 4072 conlisit
1089 4032 1123 4071 se
1141 4008 1176 4071 in
1193 4019 1257 4070 ter-

135 4129 223 4184 ram,
243 4107 360 4173 dicens
386 4136 427 4172 z«
453 4114 543 4188 Heu,
563 4113 645 4192 heu,
668 4111 778 4191 nobis,
799 4109 855 4200 qui
873 4111 938 4174 tale
959 4111 1081 4174 damno
1105 4109 1257 4198 perpessi

94 4233 120 4271 aa
136 4211 268 4274 sumus!
284 4211 342 4278 Vel
358 4211 509 4277 licuisset
525 4213 619 4302 prius
638 4236 754 4278 causas
774 4211 957 4302 inquirere,
976 4223 1009 4275 et
1025 4210 1072 4275 sic
1090 4211 1132 4274 de
1149 4222 1258 4297 potes·

135 4323 202 4376 tate
224 4325 336 4378 nostra
354 4312 469 4380 luisset
488 4315 597 4380 ablata
619 4317 701 4381 haec
723 4315 841 4379 anima.
865 4341 882 4376 u
905 4311 1157 4405 Inquirentibus
1180 4335 1258 4377 vero
