3220 5158
367 445 397 492 58
649 440 806 512 GnuGORss
823 441 1030 493 TURONENSIS
1047 443 1197 506 EPISCOPI

370 560 437 624 Sed
458 559 518 653 ille,
533 557 637 648 magis
665 558 728 634 coli
747 557 864 636 debet,
887 559 948 648 -qui
971 561 1098 652 caelum
1123 573 1158 626 et
1181 573 1302 626 terram
1312 613 1325 641 ‚.
1345 584 1432 625 mare
1447 572 1482 625 et

352 661 478 744 v,omnia
496 685 579 750 quae
601 661 635 726 in
657 661 703 726 eis
722 675 800 728 sunt
819 664 926 750 verbo⁴
945 688 985 728 ex
1002 688 1070 728 non
1094 651 1260 728 stantibus
1280 661 1478 752 procreavit,

243 767 297 814 Fol.
318 768 355 814 25.
368 762 424 852 qui
444 750 547 827 solem
564 763 675 829 lucere
691 763 770 840 fecit
787 778 820 832 ct
839 764 966 842 caelum
987 765 1092 850 stellis
1112 765 1253 846 ornavit,
1272 765 1285 856 ll
1303 765 1358 853 qui
1380 789 1480 855 aquas

368 863 560 954 reptilibus,
578 869 686 942 terras
699 861 956 947 animantibus,
968 891 1043 932 aera
1053 866 1252 932 'volantibus
1271 865 1478 956 adimplevit,

367 966 460 1034 cuius
475 981 557 1034 nutu
577 959 666 1064 terra
683 965 850 1062 frugibus,
870 969 978 1059 pomis
999 971 1148 1051 arbores,
1166 969 1238 1035 uvis
1254 969 1362 1064 vinias
1380 970 1480 1034 deco·
1496 993 1509 1031 5

296 1161 298 1167 γ
366 1085 493 1153 rantur,
516 1069 608 1136 cuius
640 1097 738 1170 manu
762 1097 868 1164 genus
895 1067 1255 1138 ¹humanum'creatum
1282 1084 1351 1152 est,
1387 1070 1481 1136 cuius

279 1173 294 1196 ⁹
364 1171 543 1265 largitione
561 1173 633 1263 ipsa
653 1175 710 1240 illa
727 1167 878 1241 creatura
896 1174 1004 1241 omnis
1023 1174 1159 1241 homine
1178 1200 1254 1255 suo,
1273 1198 1371 1264 quem
1389 1197 1481 1238 crea-

366 1275 438 1358 vit,
454 1291 487 1342 et
510 1278 674 1367 obsequio,
695 1291 728 1364 et
751 1275 915 1344 beneficio
942 1278 1129 1343 famulatur.
1159 1305 1176 1340 n
1205 1275 1286 1343 Sed'
1305 1299 1379 1341 cum
1398 1277 1482 1339 haec

366 1374 482 1472 regina
495 1379 638 1476 diceret,
648 1381 838 1447 nullatenus
856 1381 896 1446 ad
908 1381 1112 1446 credendum
1124 1379 1212 1470 regis
1225 1379 1354 1445 animus
1371 1401 1483 1443 move-

367 1485 475 1564 batur,
501 1477 558 1548 sed
580 1480 744 1550 dicebat:
765 1485 788 1547 ἀ
812 1485 1174 1549 Deorum'nostro'rum
1192 1481 1341 1548 iussione
1362 1493 1483 1547 cuncta
1498 1505 1529 1544 10

368 1599 522 1652 creantur
536 1579 773 1676 aopr‘odeunt,
790 1591 883 1654 'Deus
899 1599 977 1652 vero
995 1598 1105 1678 vester
1117 1586 1201 1651 nihil
1215 1609 1314 1675 posse
1325 1583 1483 1649 manifes-

366 1681 466 1769 tatur,
494 1701 527 1753 et
543 1690 633 1778 quod
655 1689 759 1781 magis
780 1702 847 1769 est,
867 1715 929 1755 nec
947 1690 989 1754 de
1012 1689 1150 1754 deorum
1175 1713 1299 1780 genere
1315 1712 1388 1752 esse
1404 1711 1483 1776 pro-

367 1793 473 1858 batur.
497 1819 513 1853 a
535 1795 666 1857 Interea
683 1788 798 1883 regina
817 1791 925 1858 fidelis
943 1791 1047 1855 filiurn
1065 1792 1105 1856 ad
1121 1791 1323 1881 baptismum
1334 1789 1482 1870 exhibet,

367 1893 529 1989 adornare
545 1891 719 1970 ecclesiam
738 1891 825 1958 velis¹
835 1892 1007 1985 praecepit
1024 1907 1122 1983 atque
1145 1892 1298 1973 cortinis,
1316 1917 1383 1981 quo
1402 1890 1485 1956 faci-

367 1994 430 2060 lius
442 1994 492 2059 vel
512 1997 576 2060 hoc
594 1995 743 2061 misterio
759 2008 997 2085 provocaretur
1014 1997 1055 2061 ad
1073 1996 1297 2076 eredendum,
1317 1993 1374 2084 qui
1394 1991 1485 2058 lleeti
1501 2019 1532 2058 ιε

367 2091 705 2188 praedicationenon
734 2097 876 2188 poterat.
907 2099 1098 2188 Baptizatus
1125 2111 1233 2164 autem
1256 2121 1351 2186 puer,
1384 2116 1485 2186 quem

368 2202 575 2290 lngomerem
590 2185 835 2288 vocitaverunt,
857 2200 891 2267 iu
911 2200 1010 2291 ipsis,
1032 2201 1118 2266 sicut
1131 2213 1346 2291 regeneratus
1361 2200 1483 2277 fuerat,

367 2302 451 2366 albis
472 2301 567 2368 obiit.
586 2306 659 2387 Qua
675 2304 716 2369 de
730 2328 828 2370 causa
846 2317 1030 2370 commotus
1052 2303 1127 2368 felle
1148 2327 1220 2382 rex,
1244 2326 1311 2367 non
1335 2299 1486 2391 segniter

367 2405 563 2494 increpabat
580 2407 711 2496 regina,
729 2406 845 2472 dicens
864 2434 870 2472 :
892 2434 908 2470 a
926 2407 960 2474 Si
977 2406 1011 2471 in
1027 2405 1162 2471 nomine
1178 2405 1315 2470 deorum
1334 2427 1484 2468 meorum

367 2531 450 2595 puer
467 2505 584 2572 luisset
603 2507 757 2589 decatus,
781 2509 917 2575 vixisset
935 2509 1067 2598 utique3
1092 2532 1181 2572 nunc
1202 2519 1328 2586 autem,
1352 2505 1428 2594 quia
1446 2504 1484 2569 in
1500 2533 1533 2571 ao

367 2608 501 2674 nomine
515 2609 577 2674 Dei
588 2609 690 2674 vestri
700 2610 886 2699 baptizatus
897 2624 959 2690 est,
969 2610 1078 2676 vivere
1093 2610 1229 2675 omnino
1245 2633 1313 2672 non
1329 2606 1447 2697 potuit.
1466 2635 1484 2670 »

366 2710 417 2776 Ad
443 2703 528 2793 vhaee
555 2711 670 2802 regina
702 2734 711 2782 :
742 2737 759 2774 n
791 2715 879 2793 Deo,
911 2700 1037 2802 inquit,
1067 2711 1308 2802 omnipotenti,
1342 2711 1485 2776 creatori

367 2813 514 2878 omnium
540 2812 664 2904 gratias
689 2838 769 2904 ago,
796 2813 853 2904 qui
880 2839 931 2879 me
957 2839 1024 2879 non
1056 2836 1295 2903 usquequaque
1326 2811 1488 2878 iudicavit

367 2915 555 3006 indignam,
579 2928 616 2980 ut
639 2917 796 2982 deutero
826 2941 899 2981 meo
922 2916 1037 3007 genito
1069 2941 1173 3006 regno
1197 2941 1257 2981 suo
1289 2915 1487 3006 dignaretur

367 3017 507 3084 adscire.
529 3017 613 3083 Mihi
634 3031 742 3084 autem
763 3018 878 3084 dolore
897 3018 995 3084 huius
1016 3043 1133 3085 causae
1151 3017 1279 3083 animus
1300 3042 1367 3116 nqn
1386 3017 1484 3082 attin·
1499 3045 1531 3084 25

366 3120 468 3210 gitur,
488 3119 565 3210 qui-a
581 3119 667 3200 seio,
689 3120 724 3185 in
741 3120 824 3186 albis
841 3123 882 3185 ab
897 3124 961 3186 hoc
976 3123 1101 3187 mundo
1120 3134 1255 3187 vocatus
1278 3119 1339 3186 Dei
1357 3120 1486 3185 obtuti-

368 3225 430 3288 bus
447 3223 687 3288 nutriendus.»
708 3226 788 3288 Post
801 3224 892 3288 huno
908 3247 986 3289 vero
1001 3224 1117 3316 genuit
1134 3223 1233 3290 alium
1249 3223 1366 3304 filium,
1385 3248 1486 3312 quem

369 3324 572 3412 baptizatum
599 3325 855 3392 Chlodomerem
883 3325 1029 3407 vocavit3
1061 3339 1094 3391 et
1123 3325 1179 3391 hic
1207 3351 1280 3391 cum
1312 3337 1486 3416 aegrotare

369 3426 552 3516 coepisset,
572 3428 706 3494 dicebat
724 3453 812 3494 rex-2
834 3456 851 3492 n
872 3433 946 3497 Non
964 3441 1077 3519 potest
1095 3428 1210 3510 alliud,
1229 3427 1294 3492 nisi
1315 3441 1349 3494 et
1363 3429 1404 3493 de
1418 3432 1485 3494 hoo

251 3547 306 3595 Col.
318 3547 356 3594 82.
369 3530 455 3596 sicut
474 3532 567 3596 etde
588 3533 688 3597 fratre
708 3530 779 3598 eius
793 3531 985 3624 contingat,
1005 3545 1042 3598 ut
1061 3531 1246 3621 baptizatus
1265 3531 1300 3596 in
1318 3529 1330 3623 ll
1349 3531 1485 3598 nomine
1500 3559 1531 3598 ao

369 3631 493 3697 Christi
516 3633 617 3698 vestri
643 3646 804 3723 protenus
839 3633 1009 3700 moriatur.
1051 3662 1068 3698 »
1105 3635 1172 3702 Sed
1206 3647 1321 3700 orante
1358 3646 1482 3715 matre,

369 3733 513 3800 Domino
528 3736 665 3802 iubente
682 3737 860 3802 convaluit.

413 3920 487 3984 XXI
506 3917 582 4006 (30).
602 3917 730 4010 Regina
744 3943 822 3984 vero
842 3944 910 3984 non
928 3920 1079 3984 cessabat
1096 3919 1301 4010 praedicare,
1319 3932 1355 3984 ut
1377 3923 1485 3987 Deum

368 4045 481 4085 verum
498 4034 718 4111 cognosceret
732 4034 765 4086 et
788 4020 877 4087 idola
896 4021 1100 4114 neglegeret.
1124 4023 1192 4088 Sed
1213 4023 1304 4087 nullo
1323 4024 1423 4088 modo
1440 4025 1482 4089 ad

368 4124 451 4188 haec
468 4123 635 4210 credenda
648 4135 779 4213 poterat
794 4124 1012 4207 commoveri,
1034 4125 1142 4190 donec
1153 4124 1287 4190 tandem
1305 4124 1485 4214 aliquando
1500 4153 1529 4194 ³5

369 4226 494 4291 bellum
514 4239 629 4291 contra
643 4226 846 4292 Alamannos
866 4241 1141 4309 commoveretur,
1163 4227 1281 4318 inquo
1302 4229 1484 4318 conpulsus

369 4341 420 4392 est
437 4328 598 4396 confiteri
621 4329 836 4412 necessitate,
863 4330 953 4421 quod
978 4330 1071 4419 prius
1099 4331 1266 4410 volontate
1292 4344 1479 4421 negaverat.
