3226 5156
342 445 387 492 cn
429 427 434 438 '
626 443 783 494 nacconis
799 441 1006 492 ausonensis
1024 441 1172 498 crisconi

386 564 489 629 XVIII
513 561 588 649 (25).
615 561 865 627 Gunthramnus
884 573 992 626 autem
1011 585 1068 626 rex
1092 562 1199 625 bonus
1216 559 1323 648 primo
1349 560 1455 624 Vene-

342 664 497 743 randam,
524 662 703 728 cuiusdam
732 687 866 728 snorum
890 663 1060 742 ancillam,
1082 687 1143 752 pro
1163 659 1351 727 concubina
1378 671 1455 729 toro

342 765 529 844 subiunxit3
558 766 599 830 de
628 789 695 855 qua
723 764 968 831 Gundobadum
1000 765 1103 830 lilium
1138 767 1296 854 suscepit.
1335 767 1456 830 Postea

340 869 657 946 veroMarcatrude‚
675 867 774 932 filiam
792 865 969 957 Megradi,
990 869 1026 932 in
1043 867 1290 934 matrimonium
1310 866 1450 956 accepit.

341 969 587 1037 Gundobadum
602 994 680 1035 vero
690 970 793 1034 filium
804 994 899 1036 suum
914 969 1093 1036 Aurilianis
1108 970 1304 1036 transmisit.
1316 969 1454 1036 Aemula
1483 995 1497 1033 e

341 1085 449 1139 antem
467 1072 686 1142 Marcatrndis
703 1069 944 1162 posthabitum
962 1073 1065 1140 filium
1081 1073 1116 1139 in
1132 1072 1230 1140 huius
1242 1087 1349 1140 morte
1369 1098 1454 1138 cras·

341 1188 447 1256 satur3
473 1175 720 1255 transmissum,
749 1189 786 1241 nt
809 1175 918 1255 aiunt,
944 1199 1107 1242 venenum
1128 1176 1162 1242 in
1182 1189 1297 1265 potum
1317 1175 1451 1242 occidit.

339 1281 413 1362 Quo
429 1290 572 1357 mortuo,
594 1277 667 1367 ipsa
682 1277 807 1343 iudicio
823 1277 885 1344 Dei
904 1277 1025 1356 filium,
1048 1303 1146 1368 quem
1169 1271 1328 1358 habebat,
1344 1278 1453 1368 perdi·

339 1379 389 1444 dit
416 1393 448 1444 et
473 1377 595 1444 odium
626 1380 714 1472 regis
733 1379 905 1460 incurrit,
937 1379 1148 1470 demissaque
1176 1384 1216 1448 ab
1244 1383 1381 1461 eodem,
1412 1405 1454 1446 ne

340 1481 443 1548 multo
459 1495 536 1570 post
559 1496 710 1572 tempore
731 1495 860 1548 mortua
881 1495 942 1548 est.
965 1477 1046 1549 Post
1068 1507 1165 1572 qnam
1181 1483 1454 1549 ¹Austrechildem
1471 1509 1499 1547 10

339 1597 562 1674 cognomento
590 1585 741 1651 Bobilam
775 1586 920 1675 accepit,
955 1586 997 1651 de
1023 1610 1088 1676 qua
1111 1588 1231 1651 iterum
1260 1587 1344 1652 dnos
1369 1585 1454 1652 filios

338 1686 474 1783 habuit,
511 1713 653 1776 qnorum
680 1687 792 1756 senior
828 1688 1059 1768 Chlotharius,
1087 1688 1199 1756 iunior
1223 1688 1455 1762 Chlodomeris

338 1788 522 1856 dicebatur.

205 1986 326 2035 conten
384 1974 505 2039 XVIIII
541 1971 618 2059 (26).
651 1973 755 2036 Porro
783 1971 971 2062 Sigibertus
996 1997 1053 2038 rex
1081 1974 1302 2064 lagobergam
1328 1978 1457 2065 accepit
1598 2058 1599 2072 χ

340 2099 489 2155 uxorem,
518 2075 559 2140 de
593 2095 656 2163 qua
688 2074 788 2138 liliam
819 2076 953 2156 habuit,
989 2099 1072 2166 quae
1100 2086 1215 2165 postea
1245 2075 1279 2140 in
1310 2077 1456 2143 Gnathia
1473 2104 1500 2142 m
1598 2093 1599 2164 ζ

341 2175 446 2246 virum
467 2174 636 2265 accipiens
660 2187 711 2239 est
730 2175 883 2242 deducta.
907 2177 1059 2240 Habebat
1078 2188 1157 2242 tunc
1177 2176 1337 2267 temporis
1357 2181 1456 2268 lngo·

343 2276 505 2368 bargain
528 2279 697 2343 servitium
725 2301 820 2342 sunm
847 2278 928 2344 duas
955 2278 1082 2368 puellas
1106 2279 1262 2368 pauperis
1285 2279 1456 2346 cuiusdam

343 2380 439 2461 filias,
462 2405 602 2470 quorum
626 2381 734 2469 prima
749 2383 929 2456 vocabatur
950 2381 1175 2461 Marolrovel'a,
1192 2381 1356 2472 relegiosa
1366 2396 1458 2448 veste

343 2485 484 2562 habens,
503 2483 566 2548 alia
590 2507 667 2548 vero
690 2483 957 2564 Merolledissin
983 2508 1120 2572 quarum
1146 2508 1257 2549 amore
1282 2509 1340 2560 rex
1364 2485 1458 2560 valde

345 2587 577 2651 detenebatnr.
601 2589 681 2652 Erat
702 2587 803 2666 enim,
821 2600 858 2651 ut
878 2586 1033 2674 diximus,
1055 2586 1191 2662 artificis
1212 2587 1357 2655 lanariae
1379 2589 1457 2654 filia.
1477 2616 1508 2656 an

345 2688 482 2754 Aemula
494 2713 533 2752 ex
549 2690 613 2754 hoc
631 2690 832 2780 Ingoberga,
852 2689 942 2778 quod
958 2713 976 2752 a
992 2713 1069 2779 rege
1083 2688 1315 2780 diligerentur,
1331 2703 1461 2780 patrem

348 2792 507 2857 secretius
523 2815 662 2880 operare
678 2790 774 2871 fecit,
796 2791 954 2880 futurum,
969 2803 1017 2871 ut,
1030 2791 1108 2856 dum
1122 2793 1205 2866 haec
1223 2817 1280 2858 rex
1293 2807 1459 2874 cerneret,

349 2893 426 2958 odio
444 2893 528 2958 filias
547 2893 617 2959 eius
639 2895 789 2959 haberet.
812 2898 886 2977 Quo
906 2905 1083 2982 operante,
1106 2894 1234 2966 vocavit
1257 2921 1381 2986 regem.
1401 2896 1462 2962 Ille

350 3008 458 3063 autem
487 3020 624 3086 sperans
650 2995 776 3085 aliquid
802 2997 878 3062 novi
905 2993 1031 3076 videre,
1067 2997 1187 3086 aspicit
1211 3000 1300 3064 hunc
1332 2998 1463 3064 eminus

350 3100 441 3164 lanas
459 3098 567 3192 regias
588 3111 845 3188 conponentem.
870 3098 966 3183 Quod
983 3095 1113 3180 videns,
1133 3113 1319 3166 commotus
1337 3102 1371 3168 iu
1391 3101 1459 3183 ira,
1478 3131 1511 3170 ee

350 3201 486 3291 reliquit
499 3203 721 3292 Ingobergam
738 3214 771 3266 et
790 3199 1005 3267 Mernlledem
1016 3201 1156 3297 accepit.
1177 3203 1299 3269 Habuit
1318 3217 1351 3269 et
1365 3203 1464 3270 aliam

351 3304 494 3394 puellam
524 3303 696 3392 opilionis,
729 3303 763 3368 id
787 3316 839 3369 est
860 3303 1003 3392 pastoris
1029 3305 1299 3396 ovium,filiam,
1329 3305 1465 3373 nomine

352 3405 655 3485 I‘hendechildom,
673 3405 714 3470 de
728 3430 792 3496 qua
807 3405 911 3471 lilium
929 3405 1034 3470 fertur
1050 3406 1225 3488 habuisse,
1250 3408 1306 3498 qui
1332 3423 1369 3476 ut
1389 3434 1465 3499 pro·

353 3511 454 3576 cessit
472 3533 511 3574 ex
531 3507 619 3587 alvo,
638 3508 791 3598 protinus
813 3509 942 3574 delatus
968 3520 1018 3574 cst
1038 3510 1078 3575 ad
1103 3511 1329 3601 sepulchrum.
1359 3512 1465 3578 Huius

352 3613 440 3702 regis
450 3625 601 3703 tempore
621 3612 709 3701 apud
732 3614 847 3678 orbem
872 3615 1106 3680 sanctonicam
1125 3617 1298 3695 Leontius,
1322 3639 1465 3706 congre·
1484 3645 1516 3682 no

352 3713 437 3806 gatis
468 3712 653 3803 provintiae
688 3739 764 3781 suae
794 3714 979 3805 episcopis,
1004 3717 1171 3783 Emerium
1197 3720 1239 3783 ab
1269 3719 1467 3808 episcopatu

352 3815 499 3906 depulit,
534 3816 711 3895 adserens,
732 3841 799 3881 non
825 3816 984 3883 canonice
1006 3844 1081 3884 eum
1105 3821 1206 3885 fuisse
1228 3821 1306 3886 huic
1336 3822 1466 3886 honore

354 3921 523 3986 donatum.
549 3921 727 3985 Decretum
753 3919 840 3986 enim
861 3921 1045 3986 Chlotharii
1074 3924 1250 4002 habuerat,
1273 3935 1309 3988 ut
1338 3925 1466 4012 absque
1598 3877 1599 3972 l

354 4021 494 4088 consilio
515 4021 733 4111 metropholis
746 4022 1012 4102 benediceretur,
1031 4024 1107 4113 quia
1125 4049 1192 4089 non
1207 4037 1279 4090 erat
1292 4049 1462 4114 praesens.

354 4130 427 4209 Quo
444 4126 562 4204 eiecto,
581 4148 779 4190 consensum
795 4125 904 4192 fecere
924 4126 958 4192 in
982 4127 1170 4192 Heraclium
1193 4140 1274 4192 tunc
1294 4129 1466 4218 Burdoga·
1484 4158 1516 4198 aa

353 4227 456 4293 lensis
472 4227 563 4293 orbis
574 4227 815 4317 presbiterum3
835 4231 924 4318 quod
941 4229 1010 4322 regi
1025 4230 1222 4296 Chariberto
1241 4231 1467 4297 subscribtum

354 4329 500 4418 propriis
522 4329 675 4396 manibus
699 4355 760 4419 per
779 4345 1003 4420 nuncopntnm
1025 4333 1248 4421 presbiterum
1271 4333 1467 4400 transmise-
