3226 5156
333 434 378 482 122
617 425 774 480 GREGORll
792 423 1001 479 TURONENSIS
1019 427 1170 477 EPISCOPI
1222 425 1225 430 ’

333 549 478 614 thesauri
486 539 625 637 ¹paenes'
642 571 694 610 me
716 539 914 624 habeantur,
938 569 1035 635 quam
1059 557 1138 634 p'ost
1160 548 1257 630 hano',
1289 567 1373 634 quae
1393 545 1449 611 'iu-

240 733 242 739 Α
333 651 454 741 dignae
473 651 623 741 ‘germani
647 648 711 714 mei
737 662 846 712 torum
871 648 1018 713 adivit.»
1041 655 1150 736 Tunc,
1173 647 1290 714 ablatis
1316 648 1446 727 multis,

233 791 237 798 ·
333 754 447 844 paucis
461 753 603 831 relictis,
625 751 812 816 Arelatensi
830 775 902 815 eam
920 745 1127 848 monasterio
1146 745 1335 817 destilralrlt.
1360 754 1449 816 Haec

331 875 409 922 vero
426 875 523 946 aegre
542 854 762 943 adquiescens
781 853 915 918 ieiuniis
931 876 968 918 ac
986 855 1110 946 vigiliis
1126 854 1237 946 adfici,
1258 856 1322 944 'per
1341 855 1449 918 occul-

213 969 268 1019 Fol.
283 970 320 1017 51·
332 973 384 1024 tos
400 954 535 1024 nuntios
554 959 700 1024 Gothum
720 956 885 1046 quendam
905 956 1023 1035 adivit,
1042 959 1054 1051 Η
1076 955 1294 1047 promittens,
1313 956 1342 1021 'si
1359 982 1394 1021 se
1413 952 1448 1022 in
1478 983 1493 1019 5

334 1061 467 1152 Spaniis
485 1061 663 1126 deductam
681 1057 837 1148 coniugio
858 1059 1042 1148 copularet,
1056 1085 1130 1125 cum
1143 1058 1391 1125 'thesauris‘suis
1407 1059 1449 1122 de

333 1163 535 1230 monasterio
555 1154 750 1253 egrediens,
769 1161 887 1226 libenti
902 1151 977 1226 euni
998 1163 1108 1226 animo
1124 1172 1329 1252 sequeretur.
1351 1161 1449 1244 Quod

333 1269 406 1348 ille,
431 1267 515 1332 'nihil
545 1265 721 1345 dubitans,
750 1264 951 1354 repromisit.
985 1268 1135 1355 Cumque
1168 1267 1268 1345 haec,
1295 1261 1449 1330 'collectis

334 1373 433 1436 rebus
451 1369 613 1459 factisque
626 1368 782 1447 voluclis,
803 1391 819 1431 a
836 1369 997 1433 caenobio
1012 1381 1145 1458 pararet
1166 1367 1300 1458 egredi,
1324 1363 1450 1432 antoni-¹

271 1549 275 1556 ,
333 1474 422 1563 pavit
437 1474 640 1539 voluntatem
654 1475 725 1537 eius
736 1470 900 1535 industria
910 1471 1450 1559 abbatissae,depraehensamque
1467 1494 1496 1532 ro

333 1577 498 1657 fraudem,
519 1600 589 1641 eam
606 1575 752 1666 graviter
774 1590 902 1638 caesam
921 1573 1092 1639 custodiae
1113 1573 1304 1662 mancipare
1325 1568 1451 1662 praeci-

333 1680 401 1769 pit;
419 1679 454 1744 in
470 1703 534 1768 qna
558 1703 661 1768 nsque
684 1679 725 1742 ad
752 1677 875 1742 exitum
899 1677 985 1742 vitae
1004 1677 1210 1766 praesentis,
1238 1701 1305 1741 non
1323 1675 1451 1742 medio-

334 1783 446 1847 cribus
463 1781 572 1846 attrita
591 1779 821 1869 passionibus,
839 1779 1043 1869 perduravit.
1249 1785 1252 1792 ’

374 1948 532 2035 ΧΧ127).
551 1951 655 2014 Porro
673 1946 886 2036 Sigiberthus
901 1971 959 2012 rex
979 1971 1053 2012 cum
1068 1946 1209 2026 videret,
1228 1947 1318 2035 quod
1334 1947 1453 2012 fratres

334 2051 404 2119 eius
430 2049 586 2140 indignas
616 2049 896 2116 sibimet'uxores
915 2051 1112 2137 acciperent
1142 2062 1176 2113 et
1205 2073 1265 2138 per
1290 2049 1451 2114 vilitatem
1469 2073 1498 2112 rs

334 2177 427 2218 suam
444 2153 542 2217 etiam
565 2151 703 2216 ancillas
721 2151 756 2216 in
776 2150 1024 2218 matrimonium
1043 2151 1229 2230 sociarent,
1249 2151 1451 2242 legationem

333 2255 367 2318 in
384 2253 577 2342 Hispaniam
593 2252 697 2320 mittit
714 2265 748 2320 ct
758 2253 956 2320 commultis
966 2254 1161 2320 muneribus
1175 2253 1450 2334 Brunechildem‚

333 2357 556 2446 Athanagilde
579 2355 668 2447 regis
686 2357 804 2443 liliam,
832 2355 939 2445 petiit.
965 2359 1043 2422 Era-t
1068 2355 1156 2422 enim
1185 2357 1295 2445 puella
1316 2357 1452 2447 elegans

199 2474 253 2522 Col.
269 2474 321 2521 168.
334 2484 454 2548 opere,
478 2457 491 2550 ΙΙ
510 2471 650 2526 venusta
672 2470 826 2547 aspectu,
857 2460 998 2525 honesta
1025 2459 1173 2534 moribus
1193 2471 1291 2548 atque
1309 2459 1450 2540 decora,

334 2561 482 2650 prudens
500 2560 641 2628 consilio
659 2561 832 2627 etblanda
854 2560 1046 2650 conloquio.
1068 2565 1173 2644 Quam
1190 2573 1285 2650 pater
1295 2560 1373 2626 eius
1385 2585 1452 2626 non
1468 2588 1500 2628 an

334 2665 523 2754 denegans„
542 2665 761 2754 cummagnis
781 2666 946 2730 thesauris
967 2663 1135 2729 antedicto
1158 2665 1230 2754 regi
1253 2663 1449 2730 transmisit.

334 2767 392 2833 llle
404 2792 494 2847 vero,
512 2779 734 2858 congregatos
745 2766 934 2833 senioribus
952 2789 1076 2847 seeum,
1094 2765 1451 2858 praeparatisaepulis,

335 2895 407 2935 cum
427 2869 577 2936 inmensa
594 2868 723 2934 laetitia
738 2881 837 2959 atque
853 2868 1114 2944 iocunditatem¹
1135 2893 1207 2934 eam
1223 2869 1353 2958 accepit
1371 2893 1454 2934 uxo·

335 2995 415 3037 rem.
428 2975 472 3038 Et
485 2971 563 3060 quia
576 2970 735 3038 Arrianae
746 2971 831 3062 legis
841 2969 996 3038 subiecta
1007 2984 1088 3050 erat,
1100 2995 1160 3060 per
1170 2970 1453 3060 praedicationem

335 3074 545 3139 sacerdotum
575 3085 673 3162 atque
701 3072 805 3162 ipsius
826 3072 914 3162 regis
948 3073 1243 3138 commonitionem
1271 3095 1451 3156 conversa,
1468 3103 1502 3140 25

335 3181 465 3244 beatam
482 3178 517 3243 in
533 3177 661 3244 unitate
679 3178 832 3242 confessa
850 3177 1047 3242 Trinitatem
1067 3177 1210 3244 eredidit
1226 3189 1327 3267 atque
1349 3177 1453 3244 chris·

335 3294 421 3346 mata
441 3294 502 3346 est.
522 3285 614 3364 Quae
629 3281 664 3350 in
680 3280 814 3346 nomine
836 3279 963 3347 Christi
979 3280 1148 3348 catholica
1164 3282 1360 3369 persiverat.
1392 3322 1395 3330 ι

293 3529 296 3536 Ι
379 3451 453 3516 ΧΧ1
469 3447 667 3540 (28).anu0d
682 3448 799 3535 videns
821 3447 1031 3536 Chilperious
1049 3474 1130 3536 rex,
1158 3474 1232 3514 cum
1251 3431 1315 3514 iain
1340 3449 1452 3539 plures

334 3552 475 3626 haberet
489 3574 621 3630 uxores,
643 3575 790 3615 sororem
808 3550 879 3616 eius
894 3551 1119 3638 Galsuendam
1140 3551 1289 3640 expetiit,
1307 3551 1452 3639 promitss

334 3666 408 3726 tens
427 3675 487 3740 per
500 3651 628 3742 legatos
650 3678 684 3717 se
699 3651 778 3718 alias
799 3653 1004 3734 relicturum,
1025 3666 1153 3718 tantum
1170 3653 1371 3744 condignam
1388 3653 1451 3719 sibi
1469 3681 1502 3720 ao

335 3754 423 3846 regis
448 3754 576 3843 prolem
596 3768 781 3832 mereretur
803 3780 973 3846 accepere.
994 3759 1092 3846 Pater
1110 3780 1188 3820 vero
1206 3754 1277 3820 eius
1296 3757 1355 3821 has
1373 3781 1451 3845 pro-

335 3855 511 3922 missiones
527 3855 709 3944 accipiens,
730 3856 830 3921 filiam
847 3882 950 3936 suam,
972 3856 1125 3938 similiter
1141 3856 1227 3921 sicut
1237 3856 1449 3938 anteriorem,

334 3957 399 4048 ipsi
421 3982 495 4022 cum
520 3956 648 4048 magnis
667 3957 789 4046 opibus
810 3959 998 4024 destinavit.
1015 3963 1097 4035 Nam
1128 3958 1317 4042 Galsuenda
1345 3945 1452 4041 aetate

336 4059 447 4125 senior
479 4084 503 4148 a¹
529 4059 755 4150 Brunechildc
787 4074 867 4126 erat.
903 4065 1008 4146 Quem
1043 4087 1116 4127 cunr
1150 4062 1190 4125 ad
1225 4059 1452 4152 chilpericum

335 4187 450 4261 regem
474 4161 640 4244 venisset,
666 4183 740 4227 cum
757 4164 884 4256 grande
901 4166 1037 4230 lrouore
1067 4176 1222 4252 suscepta
1241 4162 1380 4252 eiusque
1398 4178 1452 4232 ¹est
1468 4193 1500 4233 as

335 4265 460 4358 sociata
490 4265 663 4356 coniugi03
688 4291 703 4334 a
731 4291 797 4358 quo
824 4266 923 4332 etiam
943 4291 1063 4356 magno
1093 4289 1204 4330 amore
1235 4263 1449 4355 diligebatur.

336 4366 1446 4388 mmm

366 4420 388 4468 l.
408 4421 477 4469 corr.
492 4419 659 4470 ioerrnditato.
