3256 5144
425 369 590 416 msronrru
607 333 922 416 rnanoonun'mnua
945 369 984 414 u.
1222 371 1267 416 aaa

142 487 263 550 Averte
292 483 403 571 potius
437 484 599 548 cautelam
628 485 699 548 eius
731 496 764 546 et
787 482 863 546 vide
885 481 1058 560 astutiam,
1088 484 1168 571 qnid
1197 484 1271 548 aliis

143 585 242 663 dioit,
280 608 364 673 qnos
396 584 602 648 robustiores
631 583 765 647 videbat
790 583 825 646 in
852 584 918 648 hde
937 605 954 653 .:
978 587 1023 648 Et
1051 591 1096 663 sl,
1130 583 1269 672 inquid,

144 692 290 750 novimus
309 685 527 769 cr'trer'fimum,
552 699 765 748 renarrantem
786 690 853 748 iam
882 711 946 749 non
967 686 1148 752 rtovirnus¹.
1180 689 1272 775 Nega

147 812 245 878 ergo,
273 797 446 850 accusator
470 785 583 862 Pauli,
618 784 792 849 sitantum
816 800 927 850 mente
950 787 1119 850 dementia
1139 786 1270 873 eoepit,

118 889 224 978 squia
241 912 303 952 neo
325 885 502 951 crucifixus
523 900 584 950 est.
607 888 694 965 Sed,
717 911 861 973 quaeso,
888 886 1040 976 relinque
1061 887 1124 950 ista
1143 900 1175 951 et
1195 886 1271 950 audi

145 990 321 1055 consilium
337 987 530 1065 meliorem,
554 989 676 1051 adhibe
697 987 836 1074 collyria
852 987 958 1052 oculis
981 988 1083 1074 lippis
1104 1001 1137 1051 et
1164 988 1271 1052 lucem

144 1089 404 1180 praedicationis
442 1087 646 1176 apostolicae
692 1088 841 1176 percipe.
891 1087 1084 1152 Secundum
1118 1089 1272 1152 homines

145 1193 233 1258 enim
251 1191 452 1279 loquebatur
469 1191 591 1255 Paulus
611 1189 790 1266 humilius,
808 1202 845 1252 ut
861 1215 917 1254 eos
940 1190 980 1253 ad
997 1189 1176 1254 eaelsiores
1194 1189 1271 1254 fidei

144 1293 275 1383 l'astigia
296 1291 500 1368 sublevaret,
521 1291 607 1355 sient
634 1291 714 1355 alibi
740 1290 786 1354 ait
810 1317 817 1352 ι
846 1291 1007 1355 Omnibus
1030 1296 1141 1354 onznia
1160 1292 1272 1380 fastris

103 1422 128 1459 10
142 1419 227 1474 sum,
243 1408 277 1456 ut
291 1417 402 1455 omnes
425 1392 512 1455 lueri
524 1394 670 1481 facerem
684 1394 707 1454 ³.
730 1392 901 1478 Numquid
916 1393 1017 1455 homo
1035 1391 1185 1454 mortalis
1204 1417 1271 1455 non

143 1509 194 1562 est
209 1496 347 1560 daturus
364 1492 472 1582 gloria
487 1492 588 1573 Filio,
611 1517 710 1580 quem
730 1494 804 1580 ipse
824 1495 923 1557 Pater
941 1517 1009 1555 non
1024 1493 1126 1556 semel
1140 1493 1200 1556 sed
1220 1493 1272 1556 bis

143 1612 176 1662 et
191 1595 290 1662 tertio
306 1593 505 1684 glorificavit
524 1619 541 1657 e
563 1595 678 1658 eaelo'.l
697 1594 877 1672 Abscnlta,
900 1596 957 1681 qui
978 1595 1019 1658 de
1040 1594 1141 1658 oaelis
1162 1595 1271 1683 loqui-

141 1714 205 1780 tur,
235 1721 308 1762 cum
341 1696 430 1759 idem
460 1695 582 1774 Filius,
618 1695 840 1759 discendente
876 1695 1005 1783 Spiritu
1037 1708 1172 1773 saneto,
1210 1698 1272 1760 snb

142 1799 300 1864 Iohannis
319 1821 418 1860 manu
439 1795 665 1883 baptizaretur
686 1822 692 1858 z
712 1798 775 1859 Hic
790 1811 849 1874 est,
879 1798 936 1874 ait,
954 1797 1161 1860 Filiusmeus
1173 1799 1271 1860 dilee-

102 1927 127 1965 15
143 1917 207 1977 tus,
219 1905 252 1962 in
270 1922 334 1986 quo
353 1898 431 1960 hene
448 1898 623 1986 corurloeoi
634 1899 657 1959 3.
680 1900 779 1962 Certe
793 1897 820 1961 si
839 1897 1005 1986 oppilatas
1019 1898 1143 1961 habeas
1161 1922 1270 1977 aureS,

141 2015 179 2066 ut
196 2002 260 2065 ista
276 2023 344 2062 non
365 1998 507 2076 audeas,
532 1998 631 2062 crede
647 2000 827 2087 apostolis,
852 1999 933 2088 quid
948 1998 961 2089 {l
980 1999 1013 2062 in
1032 2011 1145 2063 monte
1162 1999 1272 2063 audie·
1284 2019 1338 2066 col.
1351 2018 1404 2065 318.

142 2114 235 2179 runt,
254 2125 328 2164 cum
344 2100 506 2189 figuratus
522 2103 616 2163 lesus
632 2102 667 2163 in
680 2099 789 2189 gloria
808 2101 1003 2188 loqueretur
1019 2125 1093 2164 eum
1111 2101 1219 2188 Moysi
1241 2115 1274 2165 et

141 2204 255 2280 Helia3
288 2226 409 2288 nempe
436 2202 478 2264 de
502 2202 589 2264 nube
604 2201 782 2290 splendida
800 2203 900 2265 Pater
920 2201 965 2264 ait
990 2227 996 2263 :
1023 2203 1086 2265 Hie
1107 2217 1154 2265 est
1169 2204 1274 2266 Filios

141 2329 233 2368 liaeus
248 2309 454 2378 carissimus,
469 2307 574 2390 ipsum
593 2304 706 2365 audite
721 2301 744 2365 4.
760 2302 837 2365 »Ad
847 2303 935 2366 ¹haec
956 2301 1126 2365 hereticus
1137 2326 1274 2390 respon-

100 2434 128 2471 ro
143 2406 194 2471 dit
215 2431 221 2468 :
242 2432 259 2467 a
280 2403 373 2470 Nihil
389 2403 424 2466 in
439 2404 492 2468 his
514 2403 719 2468 testimoniis
733 2405 833 2467 Pater
848 2403 890 2466 de
907 2403 1013 2492 gloria
1031 2402 1180 2490 loquitur
1195 2403 1272 2483 Fili,

142 2487 353 2572 nisi³tantum
377 2505 487 2592 ipsum
511 2503 631 2569 Filium
660 2514 835 2568 monstrat.
861 2529 877 2563 n
903 2507 946 2566 Et
969 2527 1031 2591 ego
1055 2529 1061 2565 ι
1089 2531 1105 2563 a
1128 2503 1272 2568 sienim

140 2589 203 2673 ista
231 2607 278 2672 sie
308 2608 452 2694 recipis,
480 2606 647 2692 proferam
678 2604 741 2668 tibi
768 2604 857 2668 alind
883 2603 1130 2682 testimonium,
1153 2606 1274 2692 inquo

139 2715 240 2777 Pater
260 2708 408 2773 reddidit
428 2707 550 2772 Filium
571 2707 770 2796 gloriosum.
799 2709 964 2772 Veniente
992 2719 1102 2769 autem
1129 2707 1273 2770 Domino

140 2813 182 2877 ad
216 2809 427 2899 passionem,
456 2809 508 2873 eui
536 2809 593 2872 ille
628 2807 757 2872 diceret
790 2834 795 2870 :
824 2810 940 2885 Pater,
966 2808 1124 2895 glorifica
1153 2809 1272 2871 Filium

97 2940 125 2978 as
141 2930 232 2976 turim
245 2961 252 2990 ,
265 2925 299 2974 ut
317 2910 410 2997 filius
426 2925 501 2974 tuus
515 2911 682 2998 glorificet
700 2925 729 2973 te
741 2911 770 2989 53
795 2911 875 2998 quid
898 2911 928 2972 ei
946 2909 1122 2996 respondit
1135 2912 1234 2974 Pater
1254 2935 1273 2973 e

141 3013 254 3079 eaelo?
273 3015 421 3078 Nonne:
451 3012 700 3100 Etglorr'licavi
718 3027 748 3076 et
768 3018 886 3076 iterum
907 3011 1156 3100 ὁνῖονιῖἰοαόοθ.ρ
1186 3013 1272 3076 Ecce

140 3114 230 3180 enim
256 3117 355 3180 Pater
382 3112 551 3202 glorificat
575 3138 651 3177 eum
677 3112 815 3202 propria
840 3136 939 3190 voce,
963 3124 996 3175 et
1012 3123 1048 3174 tu
1074 3110 1104 3175 ei
1130 3111 1272 3201 gloriam

141 3214 273 3281 conaris
292 3215 468 3278 ademere?
479 3215 694 3280 Voluntatem
708 3214 846 3302 quidem
867 3214 1030 3291 ostendis,
1047 3212 1106 3276 sed
1122 3226 1272 3300 potestas

140 3318 232 3383 nulla
259 3315 462 3404 subpeditat.
483 3315 497 3406 ΙΙ
513 3319 597 3382 Nam
622 3316 679 3404 qui
699 3316 793 3381 Pauli
820 3315 963 3403 apostoli
987 3329 1162 3380 accusator
1184 3319 1338 3388 exis-For,
1352 3342 1391 3388 oa,

98 3447 125 3485 ao
140 3419 202 3499 tis,
224 3417 300 3482 audi
321 3417 448 3506 ipsum,
470 3419 572 3482 immo
590 3417 762 3482 Christum
777 3418 811 3480 in
832 3416 906 3504 ipso
918 3417 1112 3504 loquentem
1130 3443 1136 3480 :
1157 3418 1271 3484 Omnis

140 3524 259 3610 lingua
281 3521 503 3604 confitebitur,
533 3525 613 3608 quia
641 3521 793 3583 dontinus
814 3520 908 3583 Iesus
930 3518 1080 3584 Christus
1108 3527 1141 3585 in
1159 3521 1272 3610 gloria

140 3638 188 3688 est
207 3623 271 3686 Dei
282 3623 396 3685 Patris
409 3619 432 3683 7.
456 3621 555 3703 Quod
575 3620 603 3684 si
623 3645 711 3684 nuno
729 3619 915 3684 communis
934 3645 1008 3683 oum
1026 3624 1124 3686 Patre
1145 3623 1286 3712 gloria,'

140 3737 174 3790 et
194 3723 266 3812 ipsa
286 3747 351 3813 qua
371 3747 460 3788 nunc
485 3725 584 3788 Pater
607 3735 657 3785 est
677 3722 784 3810 gloria
812 3736 1103 3800 commemoratur,
1129 3725 1273 3811 qualiter

141 3851 216 3890 eum
237 3837 274 3889 tu
294 3825 390 3912 quasi
413 3825 449 3887 in
474 3823 614 3912 gloriam
643 3823 857 3886 exhonoras?
877 3823 943 3887 Aut
966 3847 1051 3910 quur
1071 3847 1139 3888 non
1160 3824 1223 3888 erit
1241 3825 1271 3889 ei

97 3957 124 3996 aa
141 3927 314 3992 reddenda
336 3925 445 4015 gloria
464 3925 553 3988 inter
571 3924 744 4002 homines,
766 3924 824 4013 qui
846 3924 933 4014 patri
952 3923 1061 4012 gloria
1080 3949 1154 3988 cum
1172 3929 1271 3990 Patre

174 4146 196 4192 l.
215 4145 248 4191 ll.
267 4143 324 4192 Cor.
346 4148 373 4201 5,
389 4144 427 4191 16.
438 4168 470 4178 —
484 4145 506 4190 2.
525 4143 544 4189 1.
562 4141 621 4188 Cor,
635 4143 663 4198 9,
678 4142 716 4188 22.
727 4167 759 4177 —
771 4143 793 4188 3.
811 4141 903 4190 Matth.
918 4143 940 4196 3,
955 4141 993 4188 17.
1005 4168 1036 4177 —
1048 4143 1071 4189 l.
1089 4143 1180 4190 Matth.
1195 4144 1233 4201 17,
1248 4147 1269 4190 5.

142 4212 164 4254 5.
183 4208 254 4254 Ioan.
267 4207 305 4262 17,
320 4206 341 4254 1.
356 4232 385 4241 —
403 4207 425 4252 6.
445 4203 510 4252 Ibid.
525 4205 568 4260 12,
583 4205 620 4250 28.
634 4230 665 4239 -
684 4205 705 4250 7.
725 4203 792 4250 Phil.
806 4204 833 4260 2,
848 4204 885 4251 ll.

1121 4293 1138 4326 ῃ
