<?xml version="1.0" encoding="UTF-8"?>
<!DOCTYPE html PUBLIC "-//W3C//DTD XHTML 1.0 Transitional//EN"
    "http://www.w3.org/TR/xhtml1/DTD/xhtml1-transitional.dtd">
<html xmlns="http://www.w3.org/1999/xhtml" xml:lang="en" lang="en">
 <head>
  <title>
</title>
<meta http-equiv="Content-Type" content="text/html;charset=utf-8" />
  <meta name='ocr-system' content='tesseract 3.04.00' />
  <meta name='ocr-capabilities' content='ocr_page ocr_carea ocr_par ocr_line ocrx_word'/>
</head>
<body>
  <div class='ocr_page' id='page_1' title='image "./grgoiredetoursh00greggoog_0123.png"; bbox 0 0 3220 5158; ppageno 0'>
   <div class='ocr_carea' id='block_1_1' title="bbox 411 424 1249 477">
    <p class='ocr_par' dir='ltr' id='par_1_1' title="bbox 411 424 1249 477">
     <span class='ocr_line' id='line_1_1' title="bbox 411 424 1249 477; baseline 0.005 -5"><span class='ocrx_word' id='word_1_1' title='bbox 411 425 575 476; x_wconf 84' lang='lat' dir='ltr'>HISTORIAE</span> <span class='ocrx_word' id='word_1_2' title='bbox 593 424 794 476; x_wconf 79' lang='lat' dir='ltr'><strong>FRANCORUM</strong></span> <span class='ocrx_word' id='word_1_3' title='bbox 810 426 906 477; x_wconf 84' lang='lat' dir='ltr'>LIBER</span> <span class='ocrx_word' id='word_1_4' title='bbox 923 428 955 475; x_wconf 90' lang='lat'><strong>11.</strong></span> <span class='ocrx_word' id='word_1_5' title='bbox 1220 430 1249 476; x_wconf 85' lang='grc'><strong>61</strong></span> 
     </span>
    </p>
   </div>
   <div class='ocr_carea' id='block_1_2' title="bbox 81 540 1405 4420">
    <p class='ocr_par' dir='ltr' id='par_1_2' title="bbox 81 540 1405 4420">
     <span class='ocr_line' id='line_1_2' title="bbox 134 540 1249 634; baseline 0.003 -29"><span class='ocrx_word' id='word_1_6' title='bbox 134 540 210 622; x_wconf 86' lang='lat' dir='ltr'><strong>tibi,</strong></span> <span class='ocrx_word' id='word_1_7' title='bbox 224 541 323 630; x_wconf 92' lang='lat' dir='ltr'><strong>quale</strong></span> <span class='ocrx_word' id='word_1_8' title='bbox 334 551 370 606; x_wconf 88' lang='lat' dir='ltr'><strong>tu</strong></span> <span class='ocrx_word' id='word_1_9' title='bbox 382 541 447 632; x_wconf 90' lang='lat' dir='ltr'><strong>ipsi</strong></span> <span class='ocrx_word' id='word_1_10' title='bbox 456 542 550 607; x_wconf 92' lang='lat' dir='ltr'><strong>vellis</strong></span> <span class='ocrx_word' id='word_1_11' title='bbox 566 542 754 634; x_wconf 90' lang='lat' dir='ltr'><strong>iniungere,</strong></span> <span class='ocrx_word' id='word_1_12' title='bbox 766 542 867 633; x_wconf 24' lang='lat' dir='ltr'><strong>annis·</strong></span> <span class='ocrx_word' id='word_1_13' title='bbox 878 543 1018 634; x_wconf 87' lang='lat' dir='ltr'><strong>singulis</strong></span> <span class='ocrx_word' id='word_1_14' title='bbox 1029 542 1218 609; x_wconf 85' lang='lat' dir='ltr'>dissolvam.</span> <span class='ocrx_word' id='word_1_15' title='bbox 1232 572 1249 608; x_wconf 74' lang='lat' dir='ltr'><strong>a</strong></span> 
     </span>
     <span class='ocr_line' id='line_1_3' title="bbox 132 642 1250 733; baseline 0.004 -26"><span class='ocrx_word' id='word_1_16' title='bbox 132 643 231 726; x_wconf 92' lang='lat' dir='ltr'><strong>Quod</strong></span> <span class='ocrx_word' id='word_1_17' title='bbox 249 642 306 708; x_wconf 91' lang='lat' dir='ltr'><strong>ille</strong></span> <span class='ocrx_word' id='word_1_18' title='bbox 324 643 470 709; x_wconf 83' lang='lat' dir='ltr'>libenter</span> <span class='ocrx_word' id='word_1_19' title='bbox 483 643 663 733; x_wconf 92' lang='lat' dir='ltr'><strong>accipiens,</strong></span> <span class='ocrx_word' id='word_1_20' title='bbox 681 644 838 709; x_wconf 87' lang='lat' dir='ltr'><strong>auxilium</strong></span> <span class='ocrx_word' id='word_1_21' title='bbox 851 643 893 726; x_wconf 89' lang='lat' dir='ltr'><strong>ei,</strong></span> <span class='ocrx_word' id='word_1_22' title='bbox 913 645 1114 733; x_wconf 90' lang='lat' dir='ltr'><strong>ubicumque</strong></span> <span class='ocrx_word' id='word_1_23' title='bbox 1133 670 1250 711; x_wconf 88' lang='lat' dir='ltr'><strong>neces-</strong></span> 
     </span>
     <span class='ocr_line' id='line_1_4' title="bbox 131 743 1250 835; baseline 0.004 -26"><span class='ocrx_word' id='word_1_24' title='bbox 131 743 213 810; x_wconf 84' lang='lat' dir='ltr'><strong>sitas</strong></span> <span class='ocrx_word' id='word_1_25' title='bbox 231 746 394 835; x_wconf 82' lang='lat' dir='ltr'><strong>poscerit,</strong></span> <span class='ocrx_word' id='word_1_26' title='bbox 418 745 620 835; x_wconf 83' lang='lat' dir='ltr'><strong>repromisit.</strong></span> <span class='ocrx_word' id='word_1_27' title='bbox 647 747 689 811; x_wconf 87' lang='lat' dir='ltr'><strong>Et</strong></span> <span class='ocrx_word' id='word_1_28' title='bbox 711 759 833 811; x_wconf 88' lang='lat' dir='ltr'><strong>statuto</strong></span> <span class='ocrx_word' id='word_1_29' title='bbox 854 759 1004 835; x_wconf 90' lang='lat' dir='ltr'><strong>tempore</strong></span> <span class='ocrx_word' id='word_1_30' title='bbox 1024 760 1140 812; x_wconf 89' lang='lat' dir='ltr'><strong>contra</strong></span> <span class='ocrx_word' id='word_1_31' title='bbox 1161 749 1250 814; x_wconf 90' lang='lat' dir='ltr'><strong>Gun-</strong></span> 
     </span>
     <span class='ocr_line' id='line_1_5' title="bbox 132 847 1250 933; baseline 0.004 -21"><span class='ocrx_word' id='word_1_32' title='bbox 132 847 305 912; x_wconf 89' lang='lat' dir='ltr'><strong>dobadum</strong></span> <span class='ocrx_word' id='word_1_33' title='bbox 330 847 510 913; x_wconf 89' lang='lat' dir='ltr'><strong>exercitum</strong></span> <span class='ocrx_word' id='word_1_34' title='bbox 533 862 728 914; x_wconf 92' lang='lat' dir='ltr'><strong>commovet.</strong></span> <span class='ocrx_word' id='word_1_35' title='bbox 764 851 837 933; x_wconf 92' lang='lat' dir='ltr'><strong>Quo</strong></span> <span class='ocrx_word' id='word_1_36' title='bbox 862 847 993 929; x_wconf 90' lang='lat' dir='ltr'><strong>auditu,</strong></span> <span class='ocrx_word' id='word_1_37' title='bbox 1021 848 1250 916; x_wconf 90' lang='lat' dir='ltr'><strong>Gundobadus</strong></span> 
     </span>
     <span class='ocr_line' id='line_1_6' title="bbox 101 947 1250 1040; baseline 0.003 -26"><span class='ocrx_word' id='word_1_38' title='bbox 101 947 294 1040; x_wconf 82' lang='lat' dir='ltr'><strong>signorans</strong></span> <span class='ocrx_word' id='word_1_39' title='bbox 315 950 428 1015; x_wconf 92' lang='lat' dir='ltr'><strong>dolum</strong></span> <span class='ocrx_word' id='word_1_40' title='bbox 450 951 580 1032; x_wconf 87' lang='lat' dir='ltr'><strong>fratris,</strong></span> <span class='ocrx_word' id='word_1_41' title='bbox 603 949 694 1016; x_wconf 84' lang='lat' dir='ltr'><strong>misit</strong></span> <span class='ocrx_word' id='word_1_42' title='bbox 715 949 755 1014; x_wconf 89' lang='lat' dir='ltr'><strong>ad</strong></span> <span class='ocrx_word' id='word_1_43' title='bbox 781 975 873 1030; x_wconf 93' lang='lat' dir='ltr'><strong>eum,</strong></span> <span class='ocrx_word' id='word_1_44' title='bbox 897 951 1013 1016; x_wconf 91' lang='lat' dir='ltr'><strong>dicens</strong></span> <span class='ocrx_word' id='word_1_45' title='bbox 1039 977 1045 1015; x_wconf 92' lang='lat'>:</span> <span class='ocrx_word' id='word_1_46' title='bbox 1073 979 1089 1014; x_wconf 91' lang='lat'>«</span> <span class='ocrx_word' id='word_1_47' title='bbox 1112 954 1197 1020; x_wconf 89' lang='lat' dir='ltr'><strong>Veni</strong></span> <span class='ocrx_word' id='word_1_48' title='bbox 1215 953 1250 1018; x_wconf 87' lang='lat' dir='ltr'><strong>in</strong></span> 
     </span>
     <span class='ocr_line' id='line_1_7' title="bbox 132 1052 1252 1144; baseline 0.004 -28"><span class='ocrx_word' id='word_1_49' title='bbox 132 1052 337 1118; x_wconf 86' lang='lat' dir='ltr'><strong>adiutorium</strong></span> <span class='ocrx_word' id='word_1_50' title='bbox 354 1077 483 1134; x_wconf 91' lang='lat' dir='ltr'><strong>meum,</strong></span> <span class='ocrx_word' id='word_1_51' title='bbox 502 1052 578 1144; x_wconf 90' lang='lat' dir='ltr'><strong>quia</strong></span> <span class='ocrx_word' id='word_1_52' title='bbox 595 1052 715 1120; x_wconf 89' lang='lat' dir='ltr'><strong>Franci</strong></span> <span class='ocrx_word' id='word_1_53' title='bbox 733 1077 767 1118; x_wconf 90' lang='lat' dir='ltr'><strong>se</strong></span> <span class='ocrx_word' id='word_1_54' title='bbox 786 1065 995 1118; x_wconf 87' lang='lat' dir='ltr'><strong>commovent</strong></span> <span class='ocrx_word' id='word_1_55' title='bbox 1011 1067 1126 1119; x_wconf 89' lang='lat' dir='ltr'><strong>contra</strong></span> <span class='ocrx_word' id='word_1_56' title='bbox 1146 1079 1206 1120; x_wconf 91' lang='lat' dir='ltr'><strong>nos</strong></span> <span class='ocrx_word' id='word_1_57' title='bbox 1218 1068 1252 1120; x_wconf 91' lang='lat' dir='ltr'><strong>et</strong></span> 
     </span>
     <span class='ocr_line' id='line_1_8' title="bbox 131 1154 1405 1246; baseline 0.002 -28"><span class='ocrx_word' id='word_1_58' title='bbox 131 1154 307 1246; x_wconf 84' lang='lat' dir='ltr'><strong>regionem</strong></span> <span class='ocrx_word' id='word_1_59' title='bbox 323 1154 337 1246; x_wconf 77' lang='lat' dir='ltr'><strong>l}</strong></span> <span class='ocrx_word' id='word_1_60' title='bbox 353 1168 500 1221; x_wconf 90' lang='lat' dir='ltr'><strong>nostram</strong></span> <span class='ocrx_word' id='word_1_61' title='bbox 522 1157 662 1236; x_wconf 89' lang='lat' dir='ltr'><strong>adeunt,</strong></span> <span class='ocrx_word' id='word_1_62' title='bbox 679 1168 717 1220; x_wconf 88' lang='lat' dir='ltr'><strong>ut</strong></span> <span class='ocrx_word' id='word_1_63' title='bbox 736 1179 806 1220; x_wconf 89' lang='lat' dir='ltr'><strong>eam</strong></span> <span class='ocrx_word' id='word_1_64' title='bbox 823 1157 964 1244; x_wconf 85' lang='lat' dir='ltr'><strong>capiant.</strong></span> <span class='ocrx_word' id='word_1_65' title='bbox 986 1156 1133 1246; x_wconf 86' lang='lat' dir='ltr'>Ideoque</span> <span class='ocrx_word' id='word_1_66' title='bbox 1149 1158 1250 1223; x_wconf 91' lang='lat' dir='ltr'><strong>simus</strong></span> <span class='ocrx_word' id='word_1_67' title='bbox 1261 1171 1314 1220; x_wconf 84' lang='lat' dir='ltr'><strong>Fol.</strong></span> <span class='ocrx_word' id='word_1_68' title='bbox 1328 1173 1358 1219; x_wconf 75' lang='lat' dir='ltr'><strong>ac</strong></span> <span class='ocrx_word' id='word_1_69' title='bbox 1369 1181 1405 1221; x_wconf 68' lang='lat' dir='ltr'><strong>vr.</strong></span> 
     </span>
     <span class='ocr_line' id='line_1_9' title="bbox 129 1257 1250 1350; baseline 0.004 -29"><span class='ocrx_word' id='word_1_70' title='bbox 129 1259 321 1323; x_wconf 87' lang='lat' dir='ltr'><strong>unianimes</strong></span> <span class='ocrx_word' id='word_1_71' title='bbox 355 1259 513 1323; x_wconf 89' lang='lat' dir='ltr'><strong>adversus</strong></span> <span class='ocrx_word' id='word_1_72' title='bbox 537 1272 672 1350; x_wconf 85' lang='lat' dir='ltr'><strong>gentem</strong></span> <span class='ocrx_word' id='word_1_73' title='bbox 696 1257 865 1323; x_wconf 90' lang='lat' dir='ltr'><strong>inimicam</strong></span> <span class='ocrx_word' id='word_1_74' title='bbox 891 1257 1008 1338; x_wconf 90' lang='lat' dir='ltr'><strong>nobis,</strong></span> <span class='ocrx_word' id='word_1_75' title='bbox 1034 1284 1076 1324; x_wconf 87' lang='lat' dir='ltr'><strong>ne</strong></span> <span class='ocrx_word' id='word_1_76' title='bbox 1108 1260 1250 1350; x_wconf 86' lang='lat' dir='ltr'><strong>separati</strong></span> 
     </span>
     <span class='ocr_line' id='line_1_10' title="bbox 129 1356 1248 1451; baseline 0.004 -29"><span class='ocrx_word' id='word_1_77' title='bbox 129 1356 277 1424; x_wconf 89' lang='lat' dir='ltr'><strong>invicem</strong></span> <span class='ocrx_word' id='word_1_78' title='bbox 298 1359 387 1449; x_wconf 91' lang='lat' dir='ltr'><strong>quod</strong></span> <span class='ocrx_word' id='word_1_79' title='bbox 407 1359 490 1424; x_wconf 88' lang='lat' dir='ltr'><strong>aliae</strong></span> <span class='ocrx_word' id='word_1_80' title='bbox 508 1373 625 1451; x_wconf 85' lang='lat' dir='ltr'><strong>gentes</strong></span> <span class='ocrx_word' id='word_1_81' title='bbox 643 1358 733 1450; x_wconf 90' lang='lat' dir='ltr'><strong>passi</strong></span> <span class='ocrx_word' id='word_1_82' title='bbox 748 1372 826 1425; x_wconf 89' lang='lat' dir='ltr'><strong>sunt</strong></span> <span class='ocrx_word' id='word_1_83' title='bbox 842 1361 1057 1450; x_wconf 80' lang='lat' dir='ltr'><strong>perferamus.</strong></span> <span class='ocrx_word' id='word_1_84' title='bbox 1079 1387 1096 1424; x_wconf 74' lang='lat' dir='ltr'><strong>a</strong></span> <span class='ocrx_word' id='word_1_85' title='bbox 1115 1361 1158 1426; x_wconf 89' lang='lat' dir='ltr'><strong>At</strong></span> <span class='ocrx_word' id='word_1_86' title='bbox 1173 1361 1248 1428; x_wconf 90' lang='lat' dir='ltr'><strong>ille:</strong></span> 
     </span>
     <span class='ocr_line' id='line_1_11' title="bbox 86 1460 1250 1555; baseline 0.004 -30"><span class='ocrx_word' id='word_1_87' title='bbox 86 1486 155 1526; x_wconf 79' lang='lat'><strong>10«</strong></span> <span class='ocrx_word' id='word_1_88' title='bbox 179 1460 324 1543; x_wconf 90' lang='lat' dir='ltr'><strong>Vadam,</strong></span> <span class='ocrx_word' id='word_1_89' title='bbox 349 1461 478 1552; x_wconf 92' lang='lat' dir='ltr'><strong>inquit,</strong></span> <span class='ocrx_word' id='word_1_90' title='bbox 504 1487 578 1528; x_wconf 89' lang='lat' dir='ltr'><strong>cum</strong></span> <span class='ocrx_word' id='word_1_91' title='bbox 604 1461 752 1529; x_wconf 85' lang='lat' dir='ltr'><strong>exercitu</strong></span> <span class='ocrx_word' id='word_1_92' title='bbox 776 1486 850 1527; x_wconf 89' lang='lat' dir='ltr'><strong>meo</strong></span> <span class='ocrx_word' id='word_1_93' title='bbox 870 1474 903 1526; x_wconf 86' lang='lat' dir='ltr'><strong>et</strong></span> <span class='ocrx_word' id='word_1_94' title='bbox 925 1460 986 1527; x_wconf 92' lang='lat' dir='ltr'><strong>tibi</strong></span> <span class='ocrx_word' id='word_1_95' title='bbox 1008 1462 1129 1529; x_wconf 89' lang='lat' dir='ltr'><strong>auxilio</strong></span> <span class='ocrx_word' id='word_1_96' title='bbox 1153 1489 1250 1555; x_wconf 93' lang='lat' dir='ltr'><strong>prae-</strong></span> 
     </span>
     <span class='ocr_line' id='line_1_12' title="bbox 129 1562 1252 1654; baseline 0.003 -24"><span class='ocrx_word' id='word_1_97' title='bbox 129 1567 241 1630; x_wconf 90' lang='lat' dir='ltr'><strong>beam.</strong></span> <span class='ocrx_word' id='word_1_98' title='bbox 279 1591 296 1627; x_wconf 86' lang='lat'>»</span> <span class='ocrx_word' id='word_1_99' title='bbox 321 1567 562 1654; x_wconf 82' lang='lat' dir='ltr'><strong>Moventesque</strong></span> <span class='ocrx_word' id='word_1_100' title='bbox 593 1565 690 1631; x_wconf 92' lang='lat' dir='ltr'><strong>simul</strong></span> <span class='ocrx_word' id='word_1_101' title='bbox 722 1562 770 1629; x_wconf 92' lang='lat' dir='ltr'><strong>hii</strong></span> <span class='ocrx_word' id='word_1_102' title='bbox 806 1577 874 1629; x_wconf 91' lang='lat' dir='ltr'><strong>tres</strong></span> <span class='ocrx_word' id='word_1_103' title='bbox 902 1564 1101 1646; x_wconf 89' lang='lat' dir='ltr'><strong>exercitum,</strong></span> <span class='ocrx_word' id='word_1_104' title='bbox 1140 1565 1174 1632; x_wconf 94' lang='lat' dir='ltr'><strong>id</strong></span> <span class='ocrx_word' id='word_1_105' title='bbox 1201 1582 1252 1634; x_wconf 90' lang='lat' dir='ltr'><strong>est</strong></span> 
     </span>
     <span class='ocr_line' id='line_1_13' title="bbox 129 1667 1250 1759; baseline 0.001 -25"><span class='ocrx_word' id='word_1_106' title='bbox 129 1667 390 1734; x_wconf 87' lang='lat' dir='ltr'><strong>Chlodovechus</strong></span> <span class='ocrx_word' id='word_1_107' title='bbox 424 1680 540 1732; x_wconf 90' lang='lat' dir='ltr'><strong>contra</strong></span> <span class='ocrx_word' id='word_1_108' title='bbox 565 1667 813 1734; x_wconf 90' lang='lat' dir='ltr'><strong>Gundobadum</strong></span> <span class='ocrx_word' id='word_1_109' title='bbox 833 1679 867 1732; x_wconf 91' lang='lat' dir='ltr'><strong>et</strong></span> <span class='ocrx_word' id='word_1_110' title='bbox 892 1667 1147 1759; x_wconf 87' lang='lat' dir='ltr'><strong>Godegiselum,</strong></span> <span class='ocrx_word' id='word_1_111' title='bbox 1176 1695 1250 1737; x_wconf 93' lang='lat' dir='ltr'><strong>cum</strong></span> 
     </span>
     <span class='ocr_line' id='line_1_14' title="bbox 129 1768 1251 1837; baseline 0.002 -2"><span class='ocrx_word' id='word_1_112' title='bbox 129 1771 224 1835; x_wconf 91' lang='lat' dir='ltr'><strong>omni</strong></span> <span class='ocrx_word' id='word_1_113' title='bbox 242 1771 465 1835; x_wconf 87' lang='lat' dir='ltr'><strong>instrumento</strong></span> <span class='ocrx_word' id='word_1_114' title='bbox 487 1770 566 1835; x_wconf 94' lang='lat' dir='ltr'><strong>belli</strong></span> <span class='ocrx_word' id='word_1_115' title='bbox 590 1771 631 1835; x_wconf 90' lang='lat' dir='ltr'><strong>ad</strong></span> <span class='ocrx_word' id='word_1_116' title='bbox 657 1781 801 1835; x_wconf 82' lang='lat' dir='ltr'><strong>castrum</strong></span> <span class='ocrx_word' id='word_1_117' title='bbox 824 1768 876 1835; x_wconf 92' lang='lat' dir='ltr'><strong>cui</strong></span> <span class='ocrx_word' id='word_1_118' title='bbox 900 1769 1042 1835; x_wconf 91' lang='lat' dir='ltr'><strong>Divione</strong></span> <span class='ocrx_word' id='word_1_119' title='bbox 1061 1796 1183 1837; x_wconf 91' lang='lat' dir='ltr'><strong>nomen</strong></span> <span class='ocrx_word' id='word_1_120' title='bbox 1200 1785 1251 1837; x_wconf 90' lang='lat' dir='ltr'><strong>est</strong></span> 
     </span>
     <span class='ocr_line' id='line_1_15' title="bbox 128 1871 1314 1963; baseline 0.001 -26"><span class='ocrx_word' id='word_1_121' title='bbox 128 1884 368 1962; x_wconf 91' lang='lat' dir='ltr'><strong>pervenerunt.</strong></span> <span class='ocrx_word' id='word_1_122' title='bbox 380 1871 676 1963; x_wconf 86' lang='lat' dir='ltr'><strong>Confligentesque</strong></span> <span class='ocrx_word' id='word_1_123' title='bbox 691 1895 791 1961; x_wconf 91' lang='lat' dir='ltr'><strong>super</strong></span> <span class='ocrx_word' id='word_1_124' title='bbox 806 1873 964 1936; x_wconf 88' lang='lat' dir='ltr'><strong>Oscaram</strong></span> <span class='ocrx_word' id='word_1_125' title='bbox 982 1871 1128 1955; x_wconf 80' lang='lat' dir='ltr'><strong>fluvium,</strong></span> <span class='ocrx_word' id='word_1_126' title='bbox 1143 1874 1250 1940; x_wconf 91' lang='lat' dir='ltr'><strong>Gode-</strong></span> <span class='ocrx_word' id='word_1_127' title='bbox 1312 1921 1314 1926; x_wconf 86' lang='lat'><em>-</em></span> 
     </span>
     <span class='ocr_line' id='line_1_16' title="bbox 84 1973 1250 2066; baseline 0.001 -27"><span class='ocrx_word' id='word_1_128' title='bbox 84 2001 111 2040; x_wconf 81' lang='lat'><strong>15</strong></span> <span class='ocrx_word' id='word_1_129' title='bbox 128 1973 259 2066; x_wconf 87' lang='lat' dir='ltr'><strong>giselus</strong></span> <span class='ocrx_word' id='word_1_130' title='bbox 294 1973 544 2061; x_wconf 18' lang='lat' dir='ltr'><strong>Chlodovecho,</strong></span> <span class='ocrx_word' id='word_1_131' title='bbox 566 1975 792 2064; x_wconf 87' lang='lat' dir='ltr'><strong>coniungitur,</strong></span> <span class='ocrx_word' id='word_1_132' title='bbox 830 1997 868 2038; x_wconf 86' lang='lat' dir='ltr'><strong>ac</strong></span> <span class='ocrx_word' id='word_1_133' title='bbox 908 1986 1048 2063; x_wconf 90' lang='lat' dir='ltr'><strong>uterque</strong></span> <span class='ocrx_word' id='word_1_134' title='bbox 1085 1974 1250 2040; x_wconf 86' lang='lat' dir='ltr'><strong>exercitus</strong></span> 
     </span>
     <span class='ocr_line' id='line_1_17' title="bbox 129 2074 1250 2167; baseline 0 -24"><span class='ocrx_word' id='word_1_135' title='bbox 129 2075 336 2144; x_wconf 89' lang='lat' dir='ltr'><strong>Gundobadi</strong></span> <span class='ocrx_word' id='word_1_136' title='bbox 364 2076 524 2166; x_wconf 90' lang='lat' dir='ltr'><strong>populum</strong></span> <span class='ocrx_word' id='word_1_137' title='bbox 545 2076 684 2141; x_wconf 85' lang='lat' dir='ltr'><strong>adterat.</strong></span> <span class='ocrx_word' id='word_1_138' title='bbox 715 2078 756 2141; x_wconf 90' lang='lat' dir='ltr'><strong>Et</strong></span> <span class='ocrx_word' id='word_1_139' title='bbox 781 2074 838 2140; x_wconf 93' lang='lat' dir='ltr'><strong>ille</strong></span> <span class='ocrx_word' id='word_1_140' title='bbox 863 2075 975 2141; x_wconf 92' lang='lat' dir='ltr'><strong>dolum</strong></span> <span class='ocrx_word' id='word_1_141' title='bbox 999 2074 1127 2158; x_wconf 88' lang='lat' dir='ltr'><strong>fratris,</strong></span> <span class='ocrx_word' id='word_1_142' title='bbox 1152 2101 1250 2167; x_wconf 92' lang='lat' dir='ltr'><strong>quem</strong></span> 
     </span>
     <span class='ocr_line' id='line_1_18' title="bbox 128 2176 1247 2269; baseline 0 -26"><span class='ocrx_word' id='word_1_143' title='bbox 128 2203 201 2244; x_wconf 87' lang='lat' dir='ltr'><strong>non</strong></span> <span class='ocrx_word' id='word_1_144' title='bbox 225 2176 468 2267; x_wconf 87' lang='lat' dir='ltr'><strong>suspicabatur,</strong></span> <span class='ocrx_word' id='word_1_145' title='bbox 498 2177 691 2260; x_wconf 90' lang='lat' dir='ltr'><strong>advertens,</strong></span> <span class='ocrx_word' id='word_1_146' title='bbox 721 2191 816 2269; x_wconf 89' lang='lat' dir='ltr'><strong>terga</strong></span> <span class='ocrx_word' id='word_1_147' title='bbox 834 2176 934 2243; x_wconf 89' lang='lat' dir='ltr'><strong>vertit</strong></span> <span class='ocrx_word' id='word_1_148' title='bbox 951 2177 1129 2267; x_wconf 83' lang='lat' dir='ltr'><strong>fugamque</strong></span> <span class='ocrx_word' id='word_1_149' title='bbox 1155 2177 1247 2260; x_wconf 88' lang='lat' dir='ltr'><strong>iniit,</strong></span> 
     </span>
     <span class='ocr_line' id='line_1_19' title="bbox 129 2279 1358 2371; baseline 0.001 -23"><span class='ocrx_word' id='word_1_150' title='bbox 129 2279 443 2369; x_wconf 87' lang='lat' dir='ltr'><strong>Rhodanitidesque</strong></span> <span class='ocrx_word' id='word_1_151' title='bbox 474 2279 575 2371; x_wconf 69' lang='lat' dir='ltr'><strong>rillpas</strong></span> <span class='ocrx_word' id='word_1_152' title='bbox 608 2305 825 2370; x_wconf 89' lang='lat' dir='ltr'><strong>percurrens,</strong></span> <span class='ocrx_word' id='word_1_153' title='bbox 872 2279 1102 2346; x_wconf 88' lang='lat' dir='ltr'><strong>Avennionem</strong></span> <span class='ocrx_word' id='word_1_154' title='bbox 1133 2283 1249 2347; x_wconf 90' lang='lat' dir='ltr'><strong>urbem</strong></span> <span class='ocrx_word' id='word_1_155' title='bbox 1261 2299 1315 2348; x_wconf 86' lang='lat' dir='ltr'><strong>Col.</strong></span> <span class='ocrx_word' id='word_1_156' title='bbox 1327 2303 1358 2350; x_wconf 82' lang='lat'><strong>86</strong></span> 
     </span>
     <span class='ocr_line' id='line_1_20' title="bbox 127 2382 1250 2476; baseline 0 -28"><span class='ocrx_word' id='word_1_157' title='bbox 127 2383 331 2476; x_wconf 82' lang='lat' dir='ltr'><strong>ingreditur.</strong></span> <span class='ocrx_word' id='word_1_158' title='bbox 357 2383 579 2473; x_wconf 87' lang='lat' dir='ltr'><strong>Godegiselus</strong></span> <span class='ocrx_word' id='word_1_159' title='bbox 602 2408 697 2466; x_wconf 81' lang='lat' dir='ltr'><strong>vero,</strong></span> <span class='ocrx_word' id='word_1_160' title='bbox 723 2385 860 2448; x_wconf 88' lang='lat' dir='ltr'><strong>obtenta</strong></span> <span class='ocrx_word' id='word_1_161' title='bbox 883 2382 1250 2472; x_wconf 87' lang='lat' dir='ltr'><strong>victoria,promissam</strong></span> 
     </span>
     <span class='ocr_line' id='line_1_21' title="bbox 81 2484 1251 2577; baseline -0.003 -23"><span class='ocrx_word' id='word_1_162' title='bbox 81 2515 111 2554; x_wconf 81' lang='lat' dir='ltr'><strong>ac</strong></span> <span class='ocrx_word' id='word_1_163' title='bbox 127 2484 362 2554; x_wconf 89' lang='lat' dir='ltr'><strong>Chlodovechi</strong></span> <span class='ocrx_word' id='word_1_164' title='bbox 382 2484 526 2574; x_wconf 92' lang='lat' dir='ltr'><strong>aliquam</strong></span> <span class='ocrx_word' id='word_1_165' title='bbox 544 2499 671 2575; x_wconf 91' lang='lat' dir='ltr'><strong>partem</strong></span> <span class='ocrx_word' id='word_1_166' title='bbox 690 2485 784 2577; x_wconf 86' lang='lat' dir='ltr'><strong>regni</strong></span> <span class='ocrx_word' id='word_1_167' title='bbox 806 2486 875 2564; x_wconf 91' lang='lat' dir='ltr'><strong>sui,</strong></span> <span class='ocrx_word' id='word_1_168' title='bbox 900 2509 975 2550; x_wconf 91' lang='lat' dir='ltr'><strong>cum</strong></span> <span class='ocrx_word' id='word_1_169' title='bbox 994 2509 1076 2575; x_wconf 87' lang='lat' dir='ltr'><strong>pace</strong></span> <span class='ocrx_word' id='word_1_170' title='bbox 1094 2485 1251 2552; x_wconf 90' lang='lat' dir='ltr'><strong>discessit</strong></span> 
     </span>
     <span class='ocr_line' id='line_1_22' title="bbox 125 2586 1251 2678; baseline -0.004 -19"><span class='ocrx_word' id='word_1_171' title='bbox 125 2590 293 2659; x_wconf 89' lang='lat' dir='ltr'><strong>Viennam</strong></span> <span class='ocrx_word' id='word_1_172' title='bbox 320 2586 547 2677; x_wconf 88' lang='lat' dir='ltr'><strong>triumphans,</strong></span> <span class='ocrx_word' id='word_1_173' title='bbox 576 2601 743 2678; x_wconf 89' lang='lat' dir='ltr'><strong>tamquam</strong></span> <span class='ocrx_word' id='word_1_174' title='bbox 770 2587 797 2652; x_wconf 92' lang='lat' dir='ltr'><strong>si</strong></span> <span class='ocrx_word' id='word_1_175' title='bbox 822 2586 886 2651; x_wconf 91' lang='lat' dir='ltr'><strong>iam</strong></span> <span class='ocrx_word' id='word_1_176' title='bbox 913 2598 1021 2651; x_wconf 92' lang='lat' dir='ltr'><strong>totum</strong></span> <span class='ocrx_word' id='word_1_177' title='bbox 1053 2589 1251 2676; x_wconf 84' lang='lat' dir='ltr'><strong>possederat</strong></span> 
     </span>
     <span class='ocr_line' id='line_1_23' title="bbox 127 2685 1249 2782; baseline 0.001 -26"><span class='ocrx_word' id='word_1_178' title='bbox 127 2714 289 2782; x_wconf 88' lang='lat' dir='ltr'><strong>regnum,</strong></span> <span class='ocrx_word' id='word_1_179' title='bbox 307 2689 506 2781; x_wconf 86' lang='lat' dir='ltr'><strong>ingreditur.</strong></span> <span class='ocrx_word' id='word_1_180' title='bbox 525 2690 641 2756; x_wconf 86' lang='lat' dir='ltr'><strong>Auctis</strong></span> <span class='ocrx_word' id='word_1_181' title='bbox 664 2691 772 2756; x_wconf 89' lang='lat' dir='ltr'><strong>adhuc</strong></span> <span class='ocrx_word' id='word_1_182' title='bbox 797 2685 1053 2756; x_wconf 88' lang='lat' dir='ltr'><strong>Chlodovechus</strong></span> <span class='ocrx_word' id='word_1_183' title='bbox 1081 2715 1138 2756; x_wconf 87' lang='lat' dir='ltr'><strong>rex</strong></span> <span class='ocrx_word' id='word_1_184' title='bbox 1163 2691 1249 2757; x_wconf 92' lang='lat' dir='ltr'><strong>vires</strong></span> 
     </span>
     <span class='ocr_line' id='line_1_24' title="bbox 126 2791 1249 2884; baseline 0.001 -26"><span class='ocrx_word' id='word_1_185' title='bbox 126 2806 208 2884; x_wconf 89' lang='lat' dir='ltr'><strong>post</strong></span> <span class='ocrx_word' id='word_1_186' title='bbox 225 2792 472 2859; x_wconf 90' lang='lat' dir='ltr'><strong>Gundobadum</strong></span> <span class='ocrx_word' id='word_1_187' title='bbox 485 2791 584 2873; x_wconf 91' lang='lat' dir='ltr'><strong>abiit,</strong></span> <span class='ocrx_word' id='word_1_188' title='bbox 604 2805 641 2858; x_wconf 90' lang='lat' dir='ltr'><strong>ut</strong></span> <span class='ocrx_word' id='word_1_189' title='bbox 659 2817 733 2858; x_wconf 92' lang='lat' dir='ltr'><strong>eum</strong></span> <span class='ocrx_word' id='word_1_190' title='bbox 750 2793 791 2857; x_wconf 94' lang='lat' dir='ltr'><strong>de</strong></span> <span class='ocrx_word' id='word_1_191' title='bbox 811 2791 944 2858; x_wconf 90' lang='lat' dir='ltr'><strong>civitate</strong></span> <span class='ocrx_word' id='word_1_192' title='bbox 959 2805 1143 2858; x_wconf 88' lang='lat' dir='ltr'><strong>extractum</strong></span> <span class='ocrx_word' id='word_1_193' title='bbox 1161 2793 1249 2860; x_wconf 87' lang='lat' dir='ltr'><strong>inte·</strong></span> 
     </span>
     <span class='ocr_line' id='line_1_25' title="bbox 126 2893 1247 2985; baseline -0.002 -22"><span class='ocrx_word' id='word_1_194' title='bbox 126 2897 277 2963; x_wconf 88' lang='lat' dir='ltr'><strong>rimeret.</strong></span> <span class='ocrx_word' id='word_1_195' title='bbox 303 2895 401 2979; x_wconf 91' lang='lat' dir='ltr'><strong>Quod</strong></span> <span class='ocrx_word' id='word_1_196' title='bbox 423 2893 480 2960; x_wconf 94' lang='lat' dir='ltr'><strong>ille</strong></span> <span class='ocrx_word' id='word_1_197' title='bbox 501 2894 652 2977; x_wconf 76' lang='lat' dir='ltr'><strong>audisne,</strong></span> <span class='ocrx_word' id='word_1_198' title='bbox 676 2919 798 2985; x_wconf 91' lang='lat' dir='ltr'><strong>pavore</strong></span> <span class='ocrx_word' id='word_1_199' title='bbox 822 2894 1038 2984; x_wconf 89' lang='lat' dir='ltr'><strong>perterritus,</strong></span> <span class='ocrx_word' id='word_1_200' title='bbox 1066 2897 1247 2977; x_wconf 89' lang='lat' dir='ltr'><strong>metuebat,</strong></span> 
     </span>
     <span class='ocr_line' id='line_1_26' title="bbox 81 2996 1249 3086; baseline -0.003 -20"><span class='ocrx_word' id='word_1_201' title='bbox 81 3027 111 3066; x_wconf 77' lang='lat' dir='ltr'><strong>as</strong></span> <span class='ocrx_word' id='word_1_202' title='bbox 127 3025 174 3066; x_wconf 92' lang='lat' dir='ltr'><strong>ne</strong></span> <span class='ocrx_word' id='word_1_203' title='bbox 198 2997 229 3064; x_wconf 92' lang='lat' dir='ltr'><strong>ei</strong></span> <span class='ocrx_word' id='word_1_204' title='bbox 258 3021 349 3062; x_wconf 88' lang='lat' dir='ltr'><strong>mors</strong></span> <span class='ocrx_word' id='word_1_205' title='bbox 373 2996 549 3086; x_wconf 90' lang='lat' dir='ltr'><strong>repentina</strong></span> <span class='ocrx_word' id='word_1_206' title='bbox 575 2997 779 3063; x_wconf 89' lang='lat' dir='ltr'><strong>succederet.</strong></span> <span class='ocrx_word' id='word_1_207' title='bbox 812 2997 965 3062; x_wconf 86' lang='lat' dir='ltr'><strong>Habebat</strong></span> <span class='ocrx_word' id='word_1_208' title='bbox 993 3010 1104 3062; x_wconf 84' lang='lat' dir='ltr'><strong>tamen</strong></span> <span class='ocrx_word' id='word_1_209' title='bbox 1137 3022 1249 3063; x_wconf 92' lang='lat' dir='ltr'><strong>secum</strong></span> 
     </span>
     <span class='ocr_line' id='line_1_27' title="bbox 125 3097 1249 3191; baseline -0.003 -22"><span class='ocrx_word' id='word_1_210' title='bbox 125 3102 237 3170; x_wconf 84' lang='lat' dir='ltr'><strong>virum</strong></span> <span class='ocrx_word' id='word_1_211' title='bbox 250 3100 428 3166; x_wconf 90' lang='lat' dir='ltr'><strong>inlustrem</strong></span> <span class='ocrx_word' id='word_1_212' title='bbox 445 3099 610 3182; x_wconf 85' lang='lat' dir='ltr'><strong>Aridium,</strong></span> <span class='ocrx_word' id='word_1_213' title='bbox 632 3112 804 3165; x_wconf 90' lang='lat' dir='ltr'><strong>strenuum</strong></span> <span class='ocrx_word' id='word_1_214' title='bbox 819 3111 918 3188; x_wconf 87' lang='lat' dir='ltr'><strong>atque</strong></span> <span class='ocrx_word' id='word_1_215' title='bbox 935 3097 1137 3188; x_wconf 86' lang='lat' dir='ltr'><strong>sapientem,</strong></span> <span class='ocrx_word' id='word_1_216' title='bbox 1151 3125 1249 3191; x_wconf 90' lang='lat' dir='ltr'><strong>quem</strong></span> 
     </span>
     <span class='ocr_line' id='line_1_28' title="bbox 125 3200 1251 3292; baseline -0.003 -22"><span class='ocrx_word' id='word_1_217' title='bbox 125 3204 226 3270; x_wconf 88' lang='lat' dir='ltr'><strong>adse</strong></span> <span class='ocrx_word' id='word_1_218' title='bbox 245 3200 458 3283; x_wconf 89' lang='lat' dir='ltr'><strong>arcessitum,</strong></span> <span class='ocrx_word' id='word_1_219' title='bbox 479 3202 526 3268; x_wconf 90' lang='lat' dir='ltr'><strong>ait</strong></span> <span class='ocrx_word' id='word_1_220' title='bbox 546 3229 553 3266; x_wconf 88' lang='lat'>:</span> <span class='ocrx_word' id='word_1_221' title='bbox 577 3229 594 3265; x_wconf 91' lang='lat'>«</span> <span class='ocrx_word' id='word_1_222' title='bbox 611 3201 745 3290; x_wconf 88' lang='lat' dir='ltr'><strong>Vallant</strong></span> <span class='ocrx_word' id='word_1_223' title='bbox 761 3225 813 3265; x_wconf 91' lang='lat' dir='ltr'><strong>me</strong></span> <span class='ocrx_word' id='word_1_224' title='bbox 833 3200 981 3290; x_wconf 90' lang='lat' dir='ltr'><strong>undique</strong></span> <span class='ocrx_word' id='word_1_225' title='bbox 1005 3201 1194 3292; x_wconf 84' lang='lat' dir='ltr'><strong>angustiae,</strong></span> <span class='ocrx_word' id='word_1_226' title='bbox 1217 3215 1251 3268; x_wconf 91' lang='lat' dir='ltr'><strong>et</strong></span> 
     </span>
     <span class='ocr_line' id='line_1_29' title="bbox 125 3300 1247 3397; baseline -0.003 -25"><span class='ocrx_word' id='word_1_227' title='bbox 125 3306 211 3397; x_wconf 89' lang='lat' dir='ltr'><strong>quid</strong></span> <span class='ocrx_word' id='word_1_228' title='bbox 231 3303 348 3370; x_wconf 87' lang='lat' dir='ltr'><strong>faciam</strong></span> <span class='ocrx_word' id='word_1_229' title='bbox 371 3301 509 3395; x_wconf 86' lang='lat' dir='ltr'><strong>ignoro,</strong></span> <span class='ocrx_word' id='word_1_230' title='bbox 532 3303 610 3394; x_wconf 92' lang='lat' dir='ltr'><strong>quia</strong></span> <span class='ocrx_word' id='word_1_231' title='bbox 633 3315 797 3369; x_wconf 90' lang='lat' dir='ltr'><strong>venerunt</strong></span> <span class='ocrx_word' id='word_1_232' title='bbox 818 3300 868 3368; x_wconf 82' lang='lat' dir='ltr'><strong>hii</strong></span> <span class='ocrx_word' id='word_1_233' title='bbox 891 3302 1024 3368; x_wconf 88' lang='lat' dir='ltr'><strong>barbari</strong></span> <span class='ocrx_word' id='word_1_234' title='bbox 1045 3327 1145 3393; x_wconf 90' lang='lat' dir='ltr'><strong>super</strong></span> <span class='ocrx_word' id='word_1_235' title='bbox 1164 3329 1247 3385; x_wconf 89' lang='lat' dir='ltr'><strong>nos,</strong></span> 
     </span>
     <span class='ocr_line' id='line_1_30' title="bbox 125 3405 1249 3498; baseline -0.001 -24"><span class='ocrx_word' id='word_1_236' title='bbox 125 3421 178 3489; x_wconf 91' lang='lat' dir='ltr'><strong>ut,</strong></span> <span class='ocrx_word' id='word_1_237' title='bbox 196 3407 294 3474; x_wconf 91' lang='lat' dir='ltr'><strong>nobis</strong></span> <span class='ocrx_word' id='word_1_238' title='bbox 314 3406 541 3498; x_wconf 89' lang='lat' dir='ltr'><strong>interemptis,</strong></span> <span class='ocrx_word' id='word_1_239' title='bbox 563 3405 734 3498; x_wconf 85' lang='lat' dir='ltr'><strong>regionem</strong></span> <span class='ocrx_word' id='word_1_240' title='bbox 754 3419 857 3471; x_wconf 89' lang='lat' dir='ltr'><strong>totam</strong></span> <span class='ocrx_word' id='word_1_241' title='bbox 877 3418 1037 3471; x_wconf 87' lang='lat' dir='ltr'><strong>evertant.</strong></span> <span class='ocrx_word' id='word_1_242' title='bbox 1059 3433 1075 3469; x_wconf 75' lang='lat' dir='ltr'><strong>&gt;r</strong></span> <span class='ocrx_word' id='word_1_243' title='bbox 1098 3406 1148 3471; x_wconf 87' lang='lat' dir='ltr'><strong>Ad</strong></span> <span class='ocrx_word' id='word_1_244' title='bbox 1167 3409 1249 3473; x_wconf 89' lang='lat' dir='ltr'><strong>haec</strong></span> 
     </span>
     <span class='ocr_line' id='line_1_31' title="bbox 82 3507 1247 3599; baseline -0.003 -21"><span class='ocrx_word' id='word_1_245' title='bbox 82 3539 111 3578; x_wconf 81' lang='lat' dir='ltr'><strong>ao</strong></span> <span class='ocrx_word' id='word_1_246' title='bbox 127 3509 265 3577; x_wconf 85' lang='lat' dir='ltr'><strong>Aridius</strong></span> <span class='ocrx_word' id='word_1_247' title='bbox 287 3508 334 3574; x_wconf 89' lang='lat' dir='ltr'><strong>ait</strong></span> <span class='ocrx_word' id='word_1_248' title='bbox 360 3534 366 3573; x_wconf 96' lang='lat'><strong>:</strong></span> <span class='ocrx_word' id='word_1_249' title='bbox 394 3508 567 3599; x_wconf 80' lang='lat' dir='ltr'><strong>«Oportit</strong></span> <span class='ocrx_word' id='word_1_250' title='bbox 587 3521 619 3574; x_wconf 92' lang='lat' dir='ltr'><strong>te</strong></span> <span class='ocrx_word' id='word_1_251' title='bbox 645 3508 751 3574; x_wconf 91' lang='lat' dir='ltr'><strong>lenire</strong></span> <span class='ocrx_word' id='word_1_252' title='bbox 775 3507 939 3574; x_wconf 83' lang='lat' dir='ltr'><strong>feritatem</strong></span> <span class='ocrx_word' id='word_1_253' title='bbox 962 3507 1108 3574; x_wconf 92' lang='lat' dir='ltr'><strong>hominis</strong></span> <span class='ocrx_word' id='word_1_254' title='bbox 1128 3508 1247 3591; x_wconf 91' lang='lat' dir='ltr'><strong>huius,</strong></span> 
     </span>
     <span class='ocr_line' id='line_1_32' title="bbox 126 3609 1249 3705; baseline -0.005 -24"><span class='ocrx_word' id='word_1_255' title='bbox 126 3639 172 3681; x_wconf 89' lang='lat' dir='ltr'><strong>ne</strong></span> <span class='ocrx_word' id='word_1_256' title='bbox 198 3635 326 3705; x_wconf 91' lang='lat' dir='ltr'><strong>pereas.</strong></span> <span class='ocrx_word' id='word_1_257' title='bbox 357 3613 453 3678; x_wconf 91' lang='lat' dir='ltr'><strong>Nunc</strong></span> <span class='ocrx_word' id='word_1_258' title='bbox 480 3636 578 3703; x_wconf 85' lang='lat' dir='ltr'><strong>ergo,</strong></span> <span class='ocrx_word' id='word_1_259' title='bbox 597 3610 625 3676; x_wconf 93' lang='lat' dir='ltr'><strong>si</strong></span> <span class='ocrx_word' id='word_1_260' title='bbox 650 3611 761 3701; x_wconf 89' lang='lat' dir='ltr'><strong>placet</strong></span> <span class='ocrx_word' id='word_1_261' title='bbox 781 3609 816 3676; x_wconf 92' lang='lat' dir='ltr'><strong>in</strong></span> <span class='ocrx_word' id='word_1_262' title='bbox 839 3610 944 3676; x_wconf 90' lang='lat' dir='ltr'><strong>oculis</strong></span> <span class='ocrx_word' id='word_1_263' title='bbox 966 3611 1051 3694; x_wconf 90' lang='lat' dir='ltr'><strong>tuis,</strong></span> <span class='ocrx_word' id='word_1_264' title='bbox 1082 3637 1144 3703; x_wconf 86' lang='lat' dir='ltr'><strong>ego</strong></span> <span class='ocrx_word' id='word_1_265' title='bbox 1173 3636 1190 3677; x_wconf 87' lang='lat' dir='ltr'><strong>a</strong></span> <span class='ocrx_word' id='word_1_266' title='bbox 1216 3623 1249 3676; x_wconf 92' lang='lat' dir='ltr'><strong>te</strong></span> 
     </span>
     <span class='ocr_line' id='line_1_33' title="bbox 126 3713 1248 3808; baseline -0.005 -24"><span class='ocrx_word' id='word_1_267' title='bbox 126 3716 236 3808; x_wconf 87' lang='lat' dir='ltr'><strong>fugire</strong></span> <span class='ocrx_word' id='word_1_268' title='bbox 251 3727 284 3780; x_wconf 94' lang='lat' dir='ltr'><strong>et</strong></span> <span class='ocrx_word' id='word_1_269' title='bbox 300 3714 341 3779; x_wconf 89' lang='lat' dir='ltr'><strong>ad</strong></span> <span class='ocrx_word' id='word_1_270' title='bbox 355 3739 429 3780; x_wconf 90' lang='lat' dir='ltr'><strong>eum</strong></span> <span class='ocrx_word' id='word_1_271' title='bbox 450 3714 591 3780; x_wconf 90' lang='lat' dir='ltr'><strong>transire</strong></span> <span class='ocrx_word' id='word_1_272' title='bbox 607 3713 805 3796; x_wconf 85' lang='lat' dir='ltr'><strong>consimulo,</strong></span> <span class='ocrx_word' id='word_1_273' title='bbox 829 3736 970 3803; x_wconf 92' lang='lat' dir='ltr'><strong>cumque</strong></span> <span class='ocrx_word' id='word_1_274' title='bbox 988 3714 1029 3778; x_wconf 89' lang='lat' dir='ltr'><strong>ad</strong></span> <span class='ocrx_word' id='word_1_275' title='bbox 1049 3738 1124 3778; x_wconf 92' lang='lat' dir='ltr'><strong>eum</strong></span> <span class='ocrx_word' id='word_1_276' title='bbox 1140 3737 1248 3778; x_wconf 90' lang='lat' dir='ltr'><strong>acces-</strong></span> 
     </span>
     <span class='ocr_line' id='line_1_34' title="bbox 127 3815 1248 3908; baseline -0.006 -22"><span class='ocrx_word' id='word_1_277' title='bbox 127 3844 221 3900; x_wconf 90' lang='lat' dir='ltr'><strong>sero,</strong></span> <span class='ocrx_word' id='word_1_278' title='bbox 244 3841 307 3908; x_wconf 88' lang='lat' dir='ltr'><strong>ego</strong></span> <span class='ocrx_word' id='word_1_279' title='bbox 327 3815 464 3898; x_wconf 87' lang='lat' dir='ltr'><strong>faciam,</strong></span> <span class='ocrx_word' id='word_1_280' title='bbox 490 3831 526 3882; x_wconf 93' lang='lat' dir='ltr'><strong>ut</strong></span> <span class='ocrx_word' id='word_1_281' title='bbox 549 3841 658 3906; x_wconf 90' lang='lat' dir='ltr'><strong>neque</strong></span> <span class='ocrx_word' id='word_1_282' title='bbox 681 3830 712 3882; x_wconf 82' lang='lat' dir='ltr'><strong>te</strong></span> <span class='ocrx_word' id='word_1_283' title='bbox 736 3841 845 3907; x_wconf 90' lang='lat' dir='ltr'><strong>neque</strong></span> <span class='ocrx_word' id='word_1_284' title='bbox 866 3818 952 3882; x_wconf 90' lang='lat' dir='ltr'><strong>hanc</strong></span> <span class='ocrx_word' id='word_1_285' title='bbox 974 3828 1117 3882; x_wconf 89' lang='lat' dir='ltr'><strong>noceant</strong></span> <span class='ocrx_word' id='word_1_286' title='bbox 1139 3815 1248 3908; x_wconf 84' lang='lat' dir='ltr'><strong>regio-</strong></span> 
     </span>
     <span class='ocr_line' id='line_1_35' title="bbox 127 3919 1248 4010; baseline -0.003 -24"><span class='ocrx_word' id='word_1_287' title='bbox 127 3945 217 3986; x_wconf 88' lang='lat' dir='ltr'><strong>nem.</strong></span> <span class='ocrx_word' id='word_1_288' title='bbox 242 3922 385 3985; x_wconf 87' lang='lat' dir='ltr'><strong>Tantum</strong></span> <span class='ocrx_word' id='word_1_289' title='bbox 409 3933 445 3985; x_wconf 93' lang='lat' dir='ltr'><strong>ut</strong></span> <span class='ocrx_word' id='word_1_290' title='bbox 462 3921 553 4010; x_wconf 88' lang='lat' dir='ltr'><strong>quod</strong></span> <span class='ocrx_word' id='word_1_291' title='bbox 571 3919 633 3985; x_wconf 92' lang='lat' dir='ltr'><strong>tibi</strong></span> <span class='ocrx_word' id='word_1_292' title='bbox 659 3944 720 4010; x_wconf 94' lang='lat' dir='ltr'><strong>per</strong></span> <span class='ocrx_word' id='word_1_293' title='bbox 737 3945 846 3986; x_wconf 92' lang='lat' dir='ltr'><strong>meum</strong></span> <span class='ocrx_word' id='word_1_294' title='bbox 867 3919 1044 3985; x_wconf 90' lang='lat' dir='ltr'><strong>consilium</strong></span> <span class='ocrx_word' id='word_1_295' title='bbox 1071 3919 1248 3984; x_wconf 86' lang='lat' dir='ltr'><strong>demanda-</strong></span> 
     </span>
     <span class='ocr_line' id='line_1_36' title="bbox 82 4019 1247 4110; baseline -0.006 -19"><span class='ocrx_word' id='word_1_296' title='bbox 82 4053 111 4093; x_wconf 75' lang='lat'><strong>³5</strong></span> <span class='ocrx_word' id='word_1_297' title='bbox 126 4022 214 4088; x_wconf 86' lang='lat' dir='ltr'><strong>verit</strong></span> <span class='ocrx_word' id='word_1_298' title='bbox 231 4020 372 4110; x_wconf 90' lang='lat' dir='ltr'><strong>implere</strong></span> <span class='ocrx_word' id='word_1_299' title='bbox 393 4023 544 4103; x_wconf 90' lang='lat' dir='ltr'><strong>studeas,</strong></span> <span class='ocrx_word' id='word_1_300' title='bbox 566 4023 674 4088; x_wconf 91' lang='lat' dir='ltr'><strong>donec</strong></span> <span class='ocrx_word' id='word_1_301' title='bbox 700 4046 831 4088; x_wconf 90' lang='lat' dir='ltr'><strong>causam</strong></span> <span class='ocrx_word' id='word_1_302' title='bbox 855 4035 945 4087; x_wconf 89' lang='lat' dir='ltr'><strong>tuam</strong></span> <span class='ocrx_word' id='word_1_303' title='bbox 966 4019 1128 4086; x_wconf 91' lang='lat' dir='ltr'><strong>Dominus</strong></span> <span class='ocrx_word' id='word_1_304' title='bbox 1151 4045 1247 4109; x_wconf 91' lang='lat' dir='ltr'><strong>pros-</strong></span> 
     </span>
     <span class='ocr_line' id='line_1_37' title="bbox 124 4123 1244 4216; baseline -0.003 -26"><span class='ocrx_word' id='word_1_305' title='bbox 124 4149 242 4215; x_wconf 81' lang='lat' dir='ltr'><strong>peram</strong></span> <span class='ocrx_word' id='word_1_306' title='bbox 261 4125 369 4190; x_wconf 87' lang='lat' dir='ltr'><strong>facere</strong></span> <span class='ocrx_word' id='word_1_307' title='bbox 390 4150 448 4190; x_wconf 91' lang='lat' dir='ltr'><strong>sua</strong></span> <span class='ocrx_word' id='word_1_308' title='bbox 472 4125 595 4215; x_wconf 90' lang='lat' dir='ltr'><strong>pietate</strong></span> <span class='ocrx_word' id='word_1_309' title='bbox 620 4125 788 4216; x_wconf 89' lang='lat' dir='ltr'><strong>dignetur.</strong></span> <span class='ocrx_word' id='word_1_310' title='bbox 819 4152 836 4188; x_wconf 87' lang='lat'>»</span> <span class='ocrx_word' id='word_1_311' title='bbox 863 4128 906 4190; x_wconf 90' lang='lat' dir='ltr'><strong>Et</strong></span> <span class='ocrx_word' id='word_1_312' title='bbox 930 4124 988 4189; x_wconf 91' lang='lat' dir='ltr'><strong>ille</strong></span> <span class='ocrx_word' id='word_1_313' title='bbox 1018 4150 1024 4188; x_wconf 93' lang='lat'>:</span> <span class='ocrx_word' id='word_1_314' title='bbox 1054 4123 1244 4204; x_wconf 88' lang='lat' dir='ltr'><strong>«Faciam,</strong></span> 
     </span>
     <span class='ocr_line' id='line_1_38' title="bbox 126 4225 1247 4319; baseline -0.002 -27"><span class='ocrx_word' id='word_1_315' title='bbox 126 4226 254 4318; x_wconf 91' lang='lat' dir='ltr'><strong>inquit,</strong></span> <span class='ocrx_word' id='word_1_316' title='bbox 272 4251 500 4319; x_wconf 88' lang='lat' dir='ltr'><strong>quaecumque</strong></span> <span class='ocrx_word' id='word_1_317' title='bbox 515 4226 734 4294; x_wconf 87' lang='lat' dir='ltr'><strong>mandaveris.</strong></span> <span class='ocrx_word' id='word_1_318' title='bbox 759 4255 776 4292; x_wconf 77' lang='lat' dir='ltr'><strong>a</strong></span> <span class='ocrx_word' id='word_1_319' title='bbox 798 4232 886 4294; x_wconf 89' lang='lat' dir='ltr'><strong>Haec</strong></span> <span class='ocrx_word' id='word_1_320' title='bbox 902 4251 942 4292; x_wconf 92' lang='lat' dir='ltr'><strong>eo</strong></span> <span class='ocrx_word' id='word_1_321' title='bbox 958 4225 1102 4307; x_wconf 91' lang='lat' dir='ltr'><strong>dicenti,</strong></span> <span class='ocrx_word' id='word_1_322' title='bbox 1124 4225 1247 4292; x_wconf 87' lang='lat' dir='ltr'><strong>valedi-</strong></span> 
     </span>
     <span class='ocr_line' id='line_1_39' title="bbox 126 4329 1244 4420; baseline -0.001 -24"><span class='ocrx_word' id='word_1_323' title='bbox 126 4355 208 4396; x_wconf 90' lang='lat' dir='ltr'><strong>cens</strong></span> <span class='ocrx_word' id='word_1_324' title='bbox 241 4329 375 4396; x_wconf 85' lang='lat' dir='ltr'><strong>Aridius</strong></span> <span class='ocrx_word' id='word_1_325' title='bbox 405 4331 577 4412; x_wconf 89' lang='lat' dir='ltr'><strong>discessit,</strong></span> <span class='ocrx_word' id='word_1_326' title='bbox 606 4344 640 4397; x_wconf 91' lang='lat' dir='ltr'><strong>et</strong></span> <span class='ocrx_word' id='word_1_327' title='bbox 662 4332 934 4397; x_wconf 91' lang='lat' dir='ltr'><strong>Chlodovechum</strong></span> <span class='ocrx_word' id='word_1_328' title='bbox 963 4355 1074 4420; x_wconf 88' lang='lat' dir='ltr'><strong>regem</strong></span> <span class='ocrx_word' id='word_1_329' title='bbox 1111 4329 1244 4411; x_wconf 87' lang='lat' dir='ltr'><strong>abiens,</strong></span> 
     </span>
    </p>
   </div>
   <div class='ocr_carea' id='block_1_3' title="bbox 0 0 1614 5158">
    <p class='ocr_par' dir='ltr' id='par_1_3' title="bbox 0 0 1614 5158">
     <span class='ocr_line' id='line_1_40' title="bbox 0 0 1614 5158; baseline 0 0"><span class='ocrx_word' id='word_1_330' title='bbox 0 0 1614 5158; x_wconf 95' lang='lat' dir='ltr'><strong> </strong></span> 
     </span>
    </p>
   </div>
  </div>
 </body>
</html>
