3256 5144
398 428 563 484 marom.
582 424 782 481 FRANGORUM
798 421 895 478 LIBER
914 427 954 476 11.

361 769 533 817 INCIPIUNT
564 765 724 814 CAPITOLA
759 765 849 810 LIBRI
881 763 985 808 SEXTI.
1248 771 1391 817 Caeam,

336 991 360 1051 I.
389 988 488 1072 Quod
514 985 651 1058 childe-

426 1092 565 1155 bertus
604 1088 650 1152 ad

425 1189 651 1281 Chilpericunr

402 1294 575 1373 ¹transiit,
614 1305 651 1356 ct

426 1396 476 1461 de
545 1395 652 1483 Iuga

423 1496 609 1564 Mumrnuli.

314 1607 354 1670 II.
384 1606 437 1666 De
502 1598 651 1688 legatis

425 1701 650 1790 ChilperIci

425 1807 465 1869 ab
513 1803 651 1870 Oriente

424 1907 577 1971 reversis.

283 1998 345 2075 III.
380 1995 650 2098 DelegatisChil·

424 2108 555 2174 deberti
606 2109 651 2172 ad

305 2209 307 2214 ’
407 2210 647 2299 Chilpericum.

270 2319 341 2381 IIII.
377 2313 529 2400 Qualiter
543 2315 650 2400 Lupus

426 2413 650 2505 aregnoChil-

425 2518 555 2584 deberti
600 2516 649 2579 Iu-

424 2633 521 2710 gatus
538 2631 598 2684 est.

314 2727 351 2793 V.
380 2720 649 2788 Altercatioeum

425 2826 559 2890 Iudaeo.

269 2930 343 2998 ί1111.
378 2932 554 2993 Desancto
569 2927 649 2988 Hos·

423 3027 513 3117 picio
527 3025 650 3090 reclau-

320 3185 323 3193 .
425 3125 650 3196 waffiffl

319 3293 322 3296 .
369 3289 373 3294 .
426 3227 564 3296 nentia
614 3241 652 3292 et

425 3330 651 3398 miraculis

426 3433 508 3499 eius.

236 3551 237 3556 ’
316 3537 339 3586 7.
357 3539 393 3586 De
408 3534 521 3584 transitu
537 3532 651 3580 Ferreoli

286 3662 289 3670 Ι
393 3599 533 3670 ὓοεορηείε
577 3594 651 3658 epi-

394 3675 475 3722 scopi.

317 3743 339 3788 8.
353 3733 525 3799 DeEparchio
533 3733 651 3779 reclauso

392 3795 582 3908 {golismensis
606 3810 651 3840 ur-

414 3877 443 3907 is.
605 3872 608 3879 ·

316 3944 337 3987 9.
357 3939 393 3986 De
416 3935 542 3983 Domnulo
574 3931 652 4004 Cirra-

395 4012 551 4046 mannorum
582 4009 652 4056 epr-

393 4074 481 4123 scopo.

301 4139 339 4191 10.
357 4139 393 4188 De
427 4133 537 4183 baalim
570 4130 652 4178 sancti

393 4198 499 4248 Martini
536 4193 651 4242 effracta.

303 4278 337 4324 11.
357 4277 392 4324 De
423 4273 558 4344 Theodora
596 4268 652 4344 epi-

395 4353 473 4397 scopo
484 4341 509 4381 et
523 4335 651 4380 Dinamro.

783 985 841 1048 VII
867 981 944 1067 (12).
969 982 1024 1044 De
1056 976 1238 1044 exercitu

1014 1093 1130 1147 contra
1142 1083 1239 1146 Betu-

1015 1181 1100 1248 ricas
1149 1206 1239 1247 com-

1015 1297 1116 1350 motu.

906 1397 943 1443 13.
962 1395 997 1442 De
1008 1397 1045 1444 Lu
1065 1402 1116 1443 oet
1128 1396 1240 1444 Ambra*

997 1458 1036 1505 sin
1075 1457 1190 1506 uronicis
1203 1457 1240 1504 ei-

997 1520 1074 1571 ribus
1087 1519 1239 1570 intersectis.

762 1606 834 1698 VIII
860 1605 936 1694 (14).
967 1608 1022 1669 De
1070 1605 1241 1695 portentis

1015 1731 1099 1795 quae
1138 1731 1239 1796 appa-

1015 1822 1164 1875 ruerunt.

889 1919 926 1964 15.
946 1918 981 1966 De
991 1917 1064 1967 obitu
1077 1917 1170 1966 Felicis
1188 1917 1240 1981 epi·

982 1980 1063 2044 scopi.

747 2067 837 2144 VIIII
863 2064 939 2152 (16).
969 2065 1067 2148 Quod
1106 2068 1239 2155 Pappo-

1014 2167 1110 2231 Ienus
1158 2191 1239 2232 uxo-

1016 2293 1097 2334 rem
1133 2293 1238 2334 auam

1014 2368 1146 2458 recipit.

816 2484 845 2546 X
869 2479 945 2568 (17).
966 2483 1015 2544 De
1037 2477 1239 2568 Iudaeisper

1011 2579 1239 2670 Chilpericum

1014 2708 1127 2775 regem
1159 2707 1238 2749 con-

1012 2784 1129 2851 versis.

800 2902 842 2966 XI
868 2897 945 2986 (18).
962 2896 1237 2988 DelegatisChil-

1011 2999 1117 3089 periei
1151 2998 1239 3090 regis

1013 3103 1054 3165 ab
1080 3100 1241 3192 Hispania

1013 3202 1167 3268 reversis.

791 3319 850 3382 XII
876 3315 951 3402 (19).
968 3317 1016 3378 De
1046 3313 1240 3379 hominibus

1014 3415 1239 3504 chilperici

1016 3519 1103 3609 regis
1152 3516 1240 3606 apud

1013 3620 1150 3688 Urbiam
1179 3619 1239 3682 flu-

1013 3723 1113 3789 vium.

770 3837 844 3902 XIII
870 3834 948 3922 (20).
968 3835 1017 3897 De
1030 3833 1124 3898 obitu
1136 3835 1238 3898 Chro-

1016 3933 1086 3998 dini
1129 3934 1235 3998 ducis.

756 4052 846 4115 XIIII
873 4047 949 4136 (21).
971 4048 1020 4109 De
1054 4044 1159 4134 signis
1190 4070 1239 4108 os·

1014 4145 1130 4210 tensis.

890 4265 926 4307 22.
950 4261 985 4307 De
1011 4259 1146 4307 Cartherio
1183 4259 1239 4320 epi⁴

982 4337 1068 4382 suropo.
