3256 5144
416 449 581 499 HlS'l'OlMAE
598 447 799 500 PRANCORUM
816 450 912 503 alasa
930 449 971 499 vl.
1211 453 1255 500 ²07

133 569 273 616 fenestram
289 565 397 614 absidae
409 565 568 620 cancellum,
583 565 651 630 quod
672 581 751 630 super
767 567 898 620 tumulum
910 567 1048 618 cuiusdam
1058 566 1172 618 defuncti
1185 575 1253 626 erat,

133 629 302 676 ascendentes
316 627 564 692 pereum,edl·aeta
582 629 678 682 vitrea,
702 628 807 680 suntin
829 629 906 686 ressi;
929 631 1127 696 auferentesque
1144 629 1254 681 multum

133 691 189 740 auri
201 690 355 754 argentique
367 691 408 736 vel
421 690 568 754 palleorum
580 690 780 746 olosericorum,
800 707 814 737 e
835 691 933 748 ierunt,
952 707 1003 738 non
1020 697 1164 740 metuentes
1177 709 1256 758 snper

133 759 252 800 sanetum
267 751 434 815 sepulchrum
449 752 541 816 pedem
554 767 658 816 ponere,
677 753 721 800 ubi
736 753 777 800 vix
794 754 835 802 vel
852 769 881 805 es
900 754 1034 818 applicare
1052 754 1254 820 praesumimus.

105 814 183 864 ssed
203 815 284 862 virtus
307 815 390 862 sancti
407 814 490 863 voluit
508 813 575 864 banc
598 815 772 864 temeritatem
788 815 868 864 etiam
885 832 944 864 cum
969 815 1066 864 iudicio
1088 816 1256 870 manifestare

133 875 253 926 terribili.
264 877 330 924 Nom
340 877 367 924 bi
375 914 380 933 ‚
392 883 543 986 perpetrato
554 877 663 932 scelere,
682 877 714 923 ad
732 876 949 942 Burdegalensim
967 877 1099 926 civitatem
1112 877 1254 938 venientes,

133 945 190 987 orto
201 938 334 994 scandalo,
348 955 415 990 unas
428 955 442 986 a
456 945 540 986 terum
550 939 698 995 interemit;
713 939 801 1002 sicque
813 942 945 1003 patefacto
960 956 1047 1003 opere,
1063 942 1161 992 lurtum
1171 957 1256 1006 reper-

132 1008 189 1050 tum
209 1007 262 1056 est,
280 1017 310 1048 ac
333 1000 364 1048 de
385 1001 516 1064 hospitale
533 1003 635 1110 eor-qiam
658 1005 796 1064 argentum
813 1001 1002 1050 comminutum
1024 1002 1064 1051 vel
1087 1002 1174 1066 pallea
1196 1007 1387 1055 suntCol.28tl.

134 1069 257 1114 extracta.
277 1062 352 1120 Quod
374 1079 432 1112 curn
450 1064 505 1128 regi
528 1064 573 1110 Chi
588 1062 675 1126 perire
694 1063 841 1112 nuntiatum
861 1064 961 1122 luisset,
984 1064 1062 1114 iussit
1082 1081 1126 1112 eos
1149 1065 1255 1130 alligari

96 1137 119 1175 ιο
135 1126 245 1174 vinculis
255 1132 281 1172 et
294 1141 341 1174 suo
350 1125 500 1192 conspectui
514 1126 685 1190 praesentari.
699 1125 771 1172 Tunc
781 1140 828 1188 ego
842 1131 969 1179 metuens,
978 1143 1009 1174 ne
1022 1127 1055 1175 ob
1066 1126 1138 1178 illius
1149 1143 1256 1180 causam

134 1188 253 1236 homines
273 1194 443 1242 morerentur,
466 1187 510 1251 qul
533 1187 624 1236 virens
643 1187 669 1236 in
691 1203 800 1252 corpore
822 1203 871 1252 pro
889 1187 1051 1254 perditorum
1074 1189 1128 1238 vita
1150 1189 1256 1252 saepius

134 1249 288 1314 deprecatus
301 1256 349 1305 est,
361 1250 499 1313 epistolam
511 1249 565 1314 regi
576 1249 734 1316 precationis
747 1249 891 1304 transmisi,
905 1265 945 1306 ne,
957 1249 1054 1298 nostris
1067 1266 1117 1299 non
1129 1267 1256 1302 accusan-

134 1311 218 1365 tibus,
232 1311 264 1360 ad
280 1327 345 1376 quos
363 1311 508 1376 persecutio
545 1311 685 1366 ertinebat,
699 1311 725 1360 hi
744 1310 961 1360 interficerentur.
982 1312 1057 1368 Quod
1077 1312 1122 1362 ille
1143 1312 1257 1388 benigne

134 1375 224 1440 auspic
235 1389 290 1430 ens,
304 1373 370 1421 vitae
381 1373 504 1424 restituit.
516 1327 621 1481 ἑκταῖοι
630 1389 699 1430 vero,
712 1389 777 1438 qnae
788 1373 932 1437 dissipatae
944 1376 1055 1432 inerant,
1065 1373 1257 1426 studiosissime

93 1446 119 1484 tt
134 1451 301 1504 componens,
313 1436 369 1483 loco
385 1441 474 1484 sancto
484 1435 530 1482 red
551 1435 710 1502 ipraecepit.

166 1592 204 1642 ll.
223 1591 298 1654 Apud
311 1590 473 1644 Massiliense
488 1607 550 1640 vcro
564 1590 629 1642 urhe
643 1589 779 1642 Dinamius
797 1595 882 1642 rector
898 1589 1050 1640 Provinciae
1063 1589 1181 1654 graviter
1192 1588 1257 1638 insi·

135 1654 202 1702 diari
213 1653 349 1701 Theodoro
361 1653 483 1716 episcopo
496 1653 589 1715 coepit.
608 1655 640 1700 At
654 1652 698 1699 ille
710 1653 742 1700 nd
757 1669 845 1714 regem
863 1668 1006 1724 properare
1021 1652 1172 1715 disponens,
1185 1667 1258 1702 com-

155 1717 281 1764 rehensus
292 1716 325 1762 eb
337 1732 375 1769 eo,
389 1715 415 1761 in
426 1714 540 1761 medium
551 1714 665 1762 civitatis
681 1721 797 1770 tanetum
813 1721 838 1762 et
851 1721 968 1777 graviter
985 1713 1138 1770 iniurietus,
1153 1714 1259 1762 tandem

134 1734 238 1826 lirratus
248 1783 296 1826 est.
308 1777 401 1827 Clerici
413 1783 499 1824 autem
512 1776 684 1823 Massiliensis
693 1777 781 1829 dolum
790 1793 850 1827 eum
864 1775 982 1824 Dinamio
993 1775 1176 1832 moliebantur,
1189 1776 1259 1830 utab

92 1852 120 1890 aa
135 1841 316 1904 episcopatum
334 1838 468 1888 eiceretur.
491 1838 540 1888 Sed
564 1838 627 1888 dum
642 1839 675 1890 ad
698 1855 787 1904 regem
807 1837 1002 1888 Childebertum
1019 1837 1180 1892 ambularet,
1199 1854 1259 1886 cum

135 1902 225 1951 Iovino
237 1917 268 1949 ex
284 1902 472 1975 preelectuma
489 1899 670 1950 Gunthramno
686 1917 747 1966 rege
764 1901 878 1951 deteneri
897 1901 1011 1950 iubetur.
1030 1899 1103 1956 Quod
1123 1899 1259 1954 audientes

135 1963 308 2014 Massiliensis
318 1961 415 2019 cleriei,
429 1961 525 2025 gaudio
538 1979 633 2026 magno
646 1965 747 2026 repleti,
761 1964 830 2028 quod
843 1964 895 2012 iam
907 1963 1074 2017 detineretur,
1085 1961 1138 2010 iarn
1150 1961 1260 2026 deputa-

135 2033 208 2078 retur
220 2025 312 2092 exilio,
330 2025 462 2092 quodiam
474 2024 500 2073 in
513 2024 561 2074 boc
574 2041 615 2076 res
628 2027 797 2090 perstitisset,
811 2033 840 2076 ut
853 2041 996 2099 numquam
1013 2024 1131 2076 Massilia
1143 2029 1259 2078 reverte-

136 2095 217 2142 retur,
228 2088 319 2135 domos
332 2085 456 2134 eeclesiae
467 2085 679 2150 adprehendunt,
692 2089 836 2138 ministeria
847 2089 1008 2140 describunt,
1026 2085 1173 2160 regesturie
1188 2102 1259 2134 rese·

94 2164 122 2202 ιδ
136 2157 204 2205 rant,
217 2147 399 2213 promptuaria
409 2148 543 2212 expoliant
552 2165 694 2213 omnesque
706 2167 748 2198 res
759 2151 893 2207 ecclesiae,
905 2158 1040 2214 tamquam
1049 2165 1071 2197 ιι
1081 2149 1133 2196 iarn
1141 2154 1258 2196 mortuus

136 2219 206 2262 esset
218 2227 231 2258 e
252 2211 370 2275 iscopus,
382 2211 542 2273 pervadunt,
560 2211 665 2260 diversa
677 2213 788 2264 crimina
800 2212 831 2262 de
841 2213 965 2276 pontifice
982 2212 1177 2278 proloquentes,
1193 2226 1259 2276 quae

138 2274 205 2324 talea
217 2227 321 2322 Cirristo
332 2271 438 2334 auspice
450 2271 689 2335 deprehenduntnr.
1265 2287 1269 2294 ·

167 2335 351 2386 Cbildebertus
369 2349 441 2390 vero,
462 2341 601 2406 postquam
617 2353 676 2386 eum
695 2336 844 2403 Cbilperico
861 2336 1015 2400 pacificatus
1036 2341 1084 2391 est,
1104 2333 1206 2396 legatos
1225 2334 1259 2386 sd

136 2396 348 2449 Guntbramnum
363 2411 452 2458 regem
468 2398 557 2452 nrittrt.
571 2405 599 2444 ut
612 2399 777 2446 medietatem
789 2399 935 2455 Massiliae,
953 2413 1032 2461 quam
1045 2397 1067 2444 ei
1084 2402 1145 2458 post
1158 2395 1259 2444 obitam

95 2474 121 2511 aa
135 2459 272 2528 patrissui
286 2459 402 2514 dederat,
418 2457 526 2508 reddere
539 2457 654 2510 deberet.
668 2461 742 2516 Quod
758 2462 779 2508 si
797 2461 890 2516 nollet,
904 2459 1014 2514 noverit,
1030 2475 1056 2506 se
1074 2458 1156 2505 multa
1168 2457 1259 2520 perdi·

135 2529 224 2574 turum
234 2537 283 2588 pro
301 2521 386 2585 pertis
398 2521 475 2570 istius
489 2522 667 2572 retentatione.
686 2523 736 2574 Sed
750 2523 866 2574 illerum
886 2523 949 2572 baec
970 2520 1078 2572 reddere
1089 2519 1184 2576 nollet,
1202 2519 1259 2572 vias

136 2585 222 2634 claudi
232 2599 325 2646 praece
347 2583 375 2638 it,
387 2589 415 2630 ut
425 2581 489 2631 nulli
502 2599 551 2646 per
559 2600 668 2648 regnum
679 2585 735 2633 eins
745 2583 898 2634 transeundi
911 2584 998 2631 aditus
1004 2581 1176 2692 panderetur.
1191 2579 1259 2630 llaec

136 2659 245 2700 cernens
257 2645 315 2698 Cbil
335 2646 449 2700 ebertus,
463 2645 624 2696 Gundulium
636 2647 828 2708 exdomestincc
840 2648 905 2696 duce
918 2647 995 2700 tacto,
1022 2657 1141 2707 egerere
1154 2649 1259 2694 senato·
1270 2648 1324 2696 Col.
1337 2648 1390 2694 rat.

137 2709 185 2765 rio,
198 2707 343 2758 Massiliam
356 2705 456 2770 dirigit.
472 2706 522 2762 Qui
536 2723 595 2758 cum
614 2725 664 2757 non
681 2710 789 2759 auderet
806 2710 943 2758 ambulare
954 2707 1008 2758 iem
1019 2722 1068 2772 per
1084 2705 1259 2758 Guntbraumi

96 2788 122 2826 :15
137 2786 256 2835 regnum,
275 2767 387 2818 Turonis
402 2769 481 2817 venit.
501 2768 583 2824 Quem
602 2770 713 2834 benigne
733 2779 885 2838 susceptum
903 2785 1063 2833 recognosco
1080 2765 1173 2814 matris
1186 2781 1258 2815 meae

137 2833 297 2884 avunculum
308 2847 378 2891 esse,
389 2837 571 2894 retentumque
581 2847 682 2882 mecum
692 2834 806 2900 quinquo
819 2833 921 2889 diebus,
935 2832 971 2880 im
993 2831 1120 2894 scitisque
1136 2843 1257 2880 neeesse-

137 2894 192 2952 riis,
207 2895 280 2942 abire
292 2893 411 2959 permisi.
423 2893 471 2942 llle
481 2909 543 2941 vero
552 2910 719 2958 progressus,
733 2896 879 2944 Massiliam
891 2847 1009 2958 ingredi,
1021 2893 1164 2942 obsistente
1177 2890 1258 2938 Dina-

136 2957 197 3014 mio,
210 2960 262 3010 non
277 2957 389 3007 valebat.
404 2955 454 3004 Sed
469 2971 517 3006 nec
528 2956 677 3020 episcopus,
692 2958 735 3021 qui
743 2958 796 3006 ism
807 2964 868 3008 tunc
880 2973 907 3006 se
917 2973 978 3010 cum
986 2953 1119 3005 Gundnllo
1129 2952 1257 3011 iunxerat,

136 3021 163 3068 in
173 3017 284 3072 eeclesia
297 3035 345 3066 sua
356 3017 541 3082 recipiebatur.
556 3017 690 3070 Dinamius
703 3026 789 3070 eutem
801 3037 854 3070 una
866 3036 924 3070 oum
935 3018 1039 3070 clericis
1049 3020 1140 3084 portes
1153 3014 1259 3068 obserat

97 3093 122 3130 to
137 3082 227 3137 urbis,
241 3081 372 3130 insultans
384 3079 485 3144 pariter
501 3086 682 3146 centrumque
696 3081 857 3145 despiciens,
873 3097 886 3130 e
907 3082 1028 3146 iscopum
1041 3076 1141 3127 seilicet
1150 3081 1176 3124 et
1186 3075 1258 3126 Gun-

137 3143 248 3196 daltum·
264 3143 380 3194 Tandem
393 3140 426 3192 ed
438 3142 598 3208 colloquium
610 3143 684 3194 dueis
697 3144 827 3204 adscitus,
841 3145 868 3194 in
884 3099 1022 3194 desilirent
1035 3137 1105 3194 beati
1118 3137 1257 3202 Stephani,

137 3203 1258 3330 attilii‘ttttttmitittitttltttttttd‘tit{stittttttttti

420 3302 426 3322 s
861 3304 867 3316 .
1019 3301 1026 3325 ,
1246 3289 1260 3302 ·

138 3335 224 3378 torum
231 3330 325 3376 turbae
336 3335 397 3393 post
407 3329 557 3378 Dinamium
569 3329 671 3394 ingredi
682 3330 863 3394 nequiverunt.
875 3329 932 3386 Quo
944 3345 996 3376 non
1008 3328 1097 3376 intelle
1117 3327 1185 3384 ente,
1196 3326 1260 3376 dum

97 3399 121 3441 to
136 3391 242 3465 diversa
254 3391 323 3439 inter
335 3407 362 3438 se
376 3407 455 3454 super
467 3390 591 3439 altarium
603 3393 749 3466 conterunt,
758 3393 907 3440 recedentes
918 3390 951 3464 ab
962 3389 1065 3446 altario,
1076 3341 1260 3464 salutatorium

136 3451 1259 3580 :stitittttt.tti2⁰tt¹‘tt,ttt,t.¹⁸.istittttittttttt.‚ttttttt‘ttit

135 3577 362 3641 eumstrepcbant,
371 3577 486 3626 seniores
499 3577 596 3626 civium
608 3578 641 3626 ad
654 3595 681 3626 se
693 3579 746 3626 dux
757 3593 809 3625 una
821 3593 880 3624 curn
892 3577 1016 3641 episcopo
1028 3576 1144 3638 collegit,
1158 3575 1260 3624 utrivi-

137 3639 251 3692 tatsmia
286 3639 414 3690 ederetur.
428 3639 645 3690 TuneDinarnins
658 3641 722 3692 haee
734 3640 822 3690 omnia
834 3655 951 3696 cernens.
963 3637 1067 3690 veniam
1076 3645 1176 3711 petens,
1191 3637 1260 3688 datis

94 3713 121 3751 :sn
136 3700 250 3750 decimu
263 3700 297 3748 tis
311 3699 475 3757 muneribus,
489 3699 592 3750 reddita
604 3703 683 3750 etiam
696 3708 868 3758 sacramenta,
885 3718 912 3750 se
925 3701 1028 3750 fidelem
1044 3715 1168 3776 episcopo
1184 3699 1259 3747 dein-

136 3779 198 3826 ceps
211 3762 319 3826 regiqae
333 3765 458 3822 laturum,
481 3763 535 3810 sais
556 3762 675 3812 induitur
686 3764 854 3812 indumentis.
869 3763 942 3812 Tunc
957 3769 1081 3812 reseratis
1101 3766 1259 3828 tam'porta-

137 3841 196 3874 rum
219 3840 299 3889 quam
319 3841 452 3873 sacrarum
470 3825 574 3873 aedium
593 3825 698 3880 valvas,
717 3826 743 3873 in
765 3825 901 3874 rediuntur
922 3826 1025 3888 utrique
1048 3824 1190 3880 civitatem,
1208 3822 1260 3870 dux

137 3886 237 3934 scilicet
260 3891 286 3934 et
303 3886 453 3953 episeopus,
480 3902 540 3935 cum
558 3887 579 3934 si
601 3888 642 3936 nis
655 3894 680 3935 et
701 3843 824 3936 laudibus
839 3887 1003 3950 diversisque
1027 3886 1156 3936 honorum
1176 3885 1260 3933 vexil-

138 3949 181 3998 lis.
193 3948 287 3998 Clerici
300 3955 399 4006 autem,
414 3948 459 4016 qui
479 3948 571 3998 sceleri
582 3904 645 3997 bule
661 3949 734 3998 mixti
753 3951 867 4006 licerent,
886 3965 997 4014 quorum
1009 3954 1089 4012 ceput
1105 3947 1260 3998 Anastasius

93 4024 124 4060 no
139 4009 209 4060 ebba
218 4017 244 4060 et
255 4010 381 4060 Proculus
394 4011 526 4084 presbiter
539 4017 625 4066 erent,
638 4015 648 4074 l}
659 4013 728 4060 intra
746 4013 857 4060 Dinamii
874 4018 943 4060 terta
958 4009 1124 4073 confugiunt,
1143 4015 1260 4074 petentes
1270 4013 1326 4062 Col.
1340 4011 1393 4059 238.

138 4073 173 4122 ab
185 4088 216 4122 ro
232 4088 308 4136 opem
321 4075 425 4137 refugii,
440 4089 456 4121 a
472 4089 523 4136 quo
540 4075 643 4122 luerent
658 4075 769 4122 inritati.
783 4074 857 4122 Multi
875 4079 961 4121 tamen
980 4087 1070 4122 eorum
1089 4087 1138 4136 per
1153 4071 1259 4120 idoneos

137 4134 307 4186 fideiussores
316 4134 429 4192 dimissi,
440 4135 472 4183 ad
486 4149 514 4184 re
534 4151 574 4184 em
584 4136 649 4185 irrasi
662 4143 723 4186 sunt
734 4133 878 4186 ambulare.
892 4136 993 4184 interea
1006 4133 1164 4190 Gundultns,
1173 4134 1261 4184 subiu-

138 4205 228 4310 g‘qtem
240 4197 373 4310 civittht'qpt
379 4197 411 4310 lips
423 4152 584 4308 (ιὶὶιίΙᾱεὶειιί
594 4197 664 4266 regis
676 4199 777 4310 dicipnp
789 4198 961 4312 qutitutoqqe
969 4197 995 4245 in
1006 4197 1063 4246 loeo
1074 4197 1259 4314 sqodsptistite,

94 4331 120 4366 ιι
136 4275 304 4370 antiit...
316 4267 1147 4384 tatitt.titttttttat..,¹¹t¹;tt„attilani
1160 4271 1259 4378 tilii}
