<?xml version="1.0" encoding="UTF-8"?>
<!DOCTYPE html PUBLIC "-//W3C//DTD XHTML 1.0 Transitional//EN"
    "http://www.w3.org/TR/xhtml1/DTD/xhtml1-transitional.dtd">
<html xmlns="http://www.w3.org/1999/xhtml" xml:lang="en" lang="en">
 <head>
  <title>
</title>
<meta http-equiv="Content-Type" content="text/html;charset=utf-8" />
  <meta name='ocr-system' content='tesseract 3.04.00' />
  <meta name='ocr-capabilities' content='ocr_page ocr_carea ocr_par ocr_line ocrx_word'/>
</head>
<body>
  <div class='ocr_page' id='page_1' title='image "./grgoiredetoursh00greggoog_0142.png"; bbox 0 0 3220 5158; ppageno 0'>
   <div class='ocr_carea' id='block_1_1' title="bbox 374 375 1267 466">
    <p class='ocr_par' dir='ltr' id='par_1_1' title="bbox 374 375 1267 466">
     <span class='ocr_line' id='line_1_1' title="bbox 374 375 1267 466; baseline -0.012 0"><span class='ocrx_word' id='word_1_1' title='bbox 374 421 405 466; x_wconf 83' lang='lat' dir='ltr'>so</span> <span class='ocrx_word' id='word_1_2' title='bbox 660 415 818 465; x_wconf 82' lang='lat' dir='ltr'>onucoau</span> <span class='ocrx_word' id='word_1_3' title='bbox 835 407 1043 462; x_wconf 83' lang='lat' dir='ltr'>rononrnsrs</span> <span class='ocrx_word' id='word_1_4' title='bbox 1060 407 1210 458; x_wconf 83' lang='lat' dir='ltr'>rrrscorr</span> <span class='ocrx_word' id='word_1_5' title='bbox 1265 375 1267 384; x_wconf 70' lang='grc'>’</span> 
     </span>
    </p>
   </div>
   <div class='ocr_carea' id='block_1_2' title="bbox 373 528 1522 1444">
    <p class='ocr_par' dir='ltr' id='par_1_2' title="bbox 373 528 1522 1444">
     <span class='ocr_line' id='line_1_2' title="bbox 373 528 1494 617; baseline -0.007 -19"><span class='ocrx_word' id='word_1_6' title='bbox 373 533 408 598; x_wconf 93' lang='lat' dir='ltr'>in</span> <span class='ocrx_word' id='word_1_7' title='bbox 436 530 581 598; x_wconf 89' lang='lat' dir='ltr'>sublimi.</span> <span class='ocrx_word' id='word_1_8' title='bbox 613 531 710 616; x_wconf 90' lang='lat' dir='ltr'>Quod</span> <span class='ocrx_word' id='word_1_9' title='bbox 745 528 865 596; x_wconf 88' lang='lat' dir='ltr'>Franci</span> <span class='ocrx_word' id='word_1_10' title='bbox 903 537 1079 593; x_wconf 81' lang='lat' dir='ltr'>cernentes</span> <span class='ocrx_word' id='word_1_11' title='bbox 1113 538 1212 615; x_wconf 90' lang='lat' dir='ltr'>atque</span> <span class='ocrx_word' id='word_1_12' title='bbox 1246 537 1494 617; x_wconf 84' lang='lat' dir='ltr'>cognoscentes</span> 
     </span>
     <span class='ocr_line' id='line_1_3' title="bbox 374 627 1494 719; baseline -0.007 -19"><span class='ocrx_word' id='word_1_13' title='bbox 374 635 630 701; x_wconf 86' lang='lat' dir='ltr'>Chlodomerem</span> <span class='ocrx_word' id='word_1_14' title='bbox 649 633 883 713; x_wconf 86' lang='lat' dir='ltr'>interfectum,</span> <span class='ocrx_word' id='word_1_15' title='bbox 909 627 1069 719; x_wconf 89' lang='lat' dir='ltr'>reparatis</span> <span class='ocrx_word' id='word_1_16' title='bbox 1097 628 1244 717; x_wconf 85' lang='lat' dir='ltr'>viribus,</span> <span class='ocrx_word' id='word_1_17' title='bbox 1266 629 1494 695; x_wconf 87' lang='lat' dir='ltr'>Godomarum</span> 
     </span>
     <span class='ocr_line' id='line_1_4' title="bbox 373 730 1493 829; baseline -0.007 -26"><span class='ocrx_word' id='word_1_18' title='bbox 373 740 507 829; x_wconf 86' lang='lat' dir='ltr'>fugant,</span> <span class='ocrx_word' id='word_1_19' title='bbox 530 735 788 827; x_wconf 85' lang='lat' dir='ltr'><strong>Burgundiones</strong></span> <span class='ocrx_word' id='word_1_20' title='bbox 802 733 998 824; x_wconf 89' lang='lat' dir='ltr'>opprimunt</span> <span class='ocrx_word' id='word_1_21' title='bbox 1010 730 1218 821; x_wconf 89' lang='lat' dir='ltr'>patriamque</span> <span class='ocrx_word' id='word_1_22' title='bbox 1238 730 1273 795; x_wconf 94' lang='lat' dir='ltr'>in</span> <span class='ocrx_word' id='word_1_23' title='bbox 1295 753 1386 796; x_wconf 88' lang='lat' dir='ltr'>suam</span> <span class='ocrx_word' id='word_1_24' title='bbox 1407 730 1493 796; x_wconf 88' lang='lat' dir='ltr'>redi·</span> 
     </span>
     <span class='ocr_line' id='line_1_5' title="bbox 373 832 1493 931; baseline -0.008 -26"><span class='ocrx_word' id='word_1_25' title='bbox 373 853 457 931; x_wconf 88' lang='lat' dir='ltr'>gunt</span> <span class='ocrx_word' id='word_1_26' title='bbox 469 851 680 929; x_wconf 89' lang='lat' dir='ltr'>potestatem.</span> <span class='ocrx_word' id='word_1_27' title='bbox 704 841 772 905; x_wconf 90' lang='lat' dir='ltr'>Nec</span> <span class='ocrx_word' id='word_1_28' title='bbox 792 860 885 902; x_wconf 93' lang='lat' dir='ltr'>mora</span> <span class='ocrx_word' id='word_1_29' title='bbox 904 833 1183 901; x_wconf 84' lang='lat' dir='ltr'>Chlothacharius</span> <span class='ocrx_word' id='word_1_30' title='bbox 1195 857 1331 899; x_wconf 82' lang='lat' dir='ltr'>uxorem</span> <span class='ocrx_word' id='word_1_31' title='bbox 1341 832 1493 923; x_wconf 86' lang='lat' dir='ltr'><strong>germani</strong></span> 
     </span>
     <span class='ocr_line' id='line_1_6' title="bbox 374 936 1522 1035; baseline -0.008 -25"><span class='ocrx_word' id='word_1_32' title='bbox 374 944 424 1010; x_wconf 89' lang='lat' dir='ltr'>sui</span> <span class='ocrx_word' id='word_1_33' title='bbox 446 945 680 1035; x_wconf 81' lang='lat' dir='ltr'>Guntheugam</span> <span class='ocrx_word' id='word_1_34' title='bbox 696 942 831 1007; x_wconf 89' lang='lat' dir='ltr'>nomine</span> <span class='ocrx_word' id='word_1_35' title='bbox 848 941 912 1007; x_wconf 86' lang='lat' dir='ltr'>sibi</span> <span class='ocrx_word' id='word_1_36' title='bbox 932 940 966 1005; x_wconf 93' lang='lat' dir='ltr'>in</span> <span class='ocrx_word' id='word_1_37' title='bbox 986 937 1197 1004; x_wconf 89' lang='lat' dir='ltr'>matrimonio</span> <span class='ocrx_word' id='word_1_38' title='bbox 1219 936 1367 1004; x_wconf 88' lang='lat' dir='ltr'>sbciavit.</span> <span class='ocrx_word' id='word_1_39' title='bbox 1386 936 1491 1004; x_wconf 91' lang='lat' dir='ltr'>Filios</span> <span class='ocrx_word' id='word_1_40' title='bbox 1508 963 1522 1000; x_wconf 87' lang='lat'>5</span> 
     </span>
     <span class='ocr_line' id='line_1_7' title="bbox 374 1039 1493 1138; baseline -0.009 -24"><span class='ocrx_word' id='word_1_41' title='bbox 374 1072 507 1138; x_wconf 91' lang='lat' dir='ltr'>quoque</span> <span class='ocrx_word' id='word_1_42' title='bbox 527 1046 598 1112; x_wconf 92' lang='lat' dir='ltr'>eius</span> <span class='ocrx_word' id='word_1_43' title='bbox 622 1043 880 1113; x_wconf 81' lang='lat' dir='ltr'>Chrodechildis</span> <span class='ocrx_word' id='word_1_44' title='bbox 906 1041 1040 1134; x_wconf 85' lang='lat' dir='ltr'>regina,</span> <span class='ocrx_word' id='word_1_45' title='bbox 1069 1039 1192 1106; x_wconf 86' lang='lat' dir='ltr'>exactis</span> <span class='ocrx_word' id='word_1_46' title='bbox 1218 1039 1338 1106; x_wconf 92' lang='lat' dir='ltr'>diebus</span> <span class='ocrx_word' id='word_1_47' title='bbox 1365 1041 1493 1119; x_wconf 87' lang='lat' dir='ltr'>luctus,</span> 
     </span>
     <span class='ocr_line' id='line_1_8' title="bbox 375 1143 1494 1239; baseline -0.009 -22"><span class='ocrx_word' id='word_1_48' title='bbox 375 1175 486 1217; x_wconf 90' lang='lat' dir='ltr'>secum</span> <span class='ocrx_word' id='word_1_49' title='bbox 507 1149 628 1239; x_wconf 83' lang='lat' dir='ltr'>recipit</span> <span class='ocrx_word' id='word_1_50' title='bbox 642 1173 682 1215; x_wconf 90' lang='lat' dir='ltr'>ac</span> <span class='ocrx_word' id='word_1_51' title='bbox 699 1147 826 1228; x_wconf 82' lang='lat' dir='ltr'>tenuit3</span> <span class='ocrx_word' id='word_1_52' title='bbox 848 1170 989 1236; x_wconf 91' lang='lat' dir='ltr'>quorum</span> <span class='ocrx_word' id='word_1_53' title='bbox 1006 1168 1091 1210; x_wconf 90' lang='lat' dir='ltr'>unus</span> <span class='ocrx_word' id='word_1_54' title='bbox 1112 1143 1386 1224; x_wconf 89' lang='lat' dir='ltr'>Theodovaldus,</span> <span class='ocrx_word' id='word_1_55' title='bbox 1409 1143 1494 1208; x_wconf 89' lang='lat' dir='ltr'>alter</span> 
     </span>
     <span class='ocr_line' id='line_1_9' title="bbox 375 1239 1494 1334; baseline -0.008 -15"><span class='ocrx_word' id='word_1_56' title='bbox 375 1239 601 1334; x_wconf 70' lang='lat' dir='ltr'>Cuntharius,</span> <span class='ocrx_word' id='word_1_57' title='bbox 634 1251 758 1317; x_wconf 90' lang='lat' dir='ltr'>tercius</span> <span class='ocrx_word' id='word_1_58' title='bbox 787 1249 1033 1316; x_wconf 89' lang='lat' dir='ltr'>Chlodovaldus</span> <span class='ocrx_word' id='word_1_59' title='bbox 1061 1248 1251 1312; x_wconf 81' lang='lat' dir='ltr'>vocabatur.</span> <span class='ocrx_word' id='word_1_60' title='bbox 1285 1247 1494 1312; x_wconf 89' lang='lat' dir='ltr'>Godomarus</span> 
     </span>
     <span class='ocr_line' id='line_1_10' title="bbox 375 1352 1065 1444; baseline -0.009 -23"><span class='ocrx_word' id='word_1_61' title='bbox 375 1355 495 1421; x_wconf 90' lang='lat' dir='ltr'>iterum</span> <span class='ocrx_word' id='word_1_62' title='bbox 514 1377 655 1444; x_wconf 86' lang='lat' dir='ltr'>regnum</span> <span class='ocrx_word' id='word_1_63' title='bbox 675 1352 814 1442; x_wconf 89' lang='lat' dir='ltr'>recepit.</span> <span class='ocrx_word' id='word_1_64' title='bbox 1062 1353 1065 1360; x_wconf 86' lang='grc'><strong>’</strong></span> 
     </span>
    </p>
   </div>
   <div class='ocr_carea' id='block_1_3' title="bbox 243 1517 1543 4382">
    <p class='ocr_par' dir='ltr' id='par_1_3' title="bbox 297 1517 1534 2018">
     <span class='ocr_line' id='line_1_11' title="bbox 418 1517 1534 1592; baseline -0.008 -2"><span class='ocrx_word' id='word_1_65' title='bbox 418 1526 489 1592; x_wconf 85' lang='lat' dir='ltr'>Vll.</span> <span class='ocrx_word' id='word_1_66' title='bbox 517 1525 598 1588; x_wconf 83' lang='lat' dir='ltr'><strong>Post</strong></span> <span class='ocrx_word' id='word_1_67' title='bbox 625 1518 855 1587; x_wconf 83' lang='lat' dir='ltr'>Theudoricus</span> <span class='ocrx_word' id='word_1_68' title='bbox 874 1543 942 1584; x_wconf 93' lang='lat' dir='ltr'>non</span> <span class='ocrx_word' id='word_1_69' title='bbox 963 1517 1128 1584; x_wconf 83' lang='lat' dir='ltr'><strong>inmemor</strong></span> <span class='ocrx_word' id='word_1_70' title='bbox 1150 1517 1289 1583; x_wconf 89' lang='lat' dir='ltr'>iniurias</span> <span class='ocrx_word' id='word_1_71' title='bbox 1315 1518 1534 1584; x_wconf 72' lang='lat' dir='ltr'>hermene-&#39;10</span> 
     </span>
     <span class='ocr_line' id='line_1_12' title="bbox 297 1619 1494 1716; baseline -0.004 -26"><span class='ocrx_word' id='word_1_72' title='bbox 297 1650 301 1660; x_wconf 62' lang='grc'><strong>“</strong></span> <span class='ocrx_word' id='word_1_73' title='bbox 376 1625 460 1692; x_wconf 84' lang='lat' dir='ltr'>fredi</span> <span class='ocrx_word' id='word_1_74' title='bbox 483 1625 571 1716; x_wconf 79' lang='lat' dir='ltr'>regis</span> <span class='ocrx_word' id='word_1_75' title='bbox 601 1623 848 1714; x_wconf 87' lang='lat' dir='ltr'>Thoringorum</span> <span class='ocrx_word' id='word_1_76' title='bbox 868 1620 1165 1688; x_wconf 88' lang='lat' dir='ltr'>Chlothacharium</span> <span class='ocrx_word' id='word_1_77' title='bbox 1183 1621 1319 1686; x_wconf 86' lang='lat' dir='ltr'>fratrem</span> <span class='ocrx_word' id='word_1_78' title='bbox 1338 1644 1434 1685; x_wconf 90' lang='lat' dir='ltr'>suum</span> <span class='ocrx_word' id='word_1_79' title='bbox 1458 1619 1494 1685; x_wconf 94' lang='lat' dir='ltr'>in</span> 
     </span>
     <span class='ocr_line' id='line_1_13' title="bbox 376 1721 1492 1812; baseline -0.006 -19"><span class='ocrx_word' id='word_1_80' title='bbox 376 1727 499 1793; x_wconf 92' lang='lat' dir='ltr'>solacio</span> <span class='ocrx_word' id='word_1_81' title='bbox 516 1751 575 1792; x_wconf 90' lang='lat' dir='ltr'>suo</span> <span class='ocrx_word' id='word_1_82' title='bbox 589 1739 686 1791; x_wconf 85' lang='lat' dir='ltr'>vocat</span> <span class='ocrx_word' id='word_1_83' title='bbox 702 1739 735 1791; x_wconf 94' lang='lat' dir='ltr'>et</span> <span class='ocrx_word' id='word_1_84' title='bbox 754 1726 928 1791; x_wconf 86' lang='lat' dir='ltr'>adversum</span> <span class='ocrx_word' id='word_1_85' title='bbox 944 1747 1019 1790; x_wconf 90' lang='lat' dir='ltr'>eum</span> <span class='ocrx_word' id='word_1_86' title='bbox 1038 1723 1087 1788; x_wconf 89' lang='lat' dir='ltr'>ire</span> <span class='ocrx_word' id='word_1_87' title='bbox 1104 1721 1274 1812; x_wconf 88' lang='lat' dir='ltr'><strong>disponit,</strong></span> <span class='ocrx_word' id='word_1_88' title='bbox 1292 1721 1492 1811; x_wconf 90' lang='lat' dir='ltr'>promittens</span> 
     </span>
     <span class='ocr_line' id='line_1_14' title="bbox 376 1823 1492 1922; baseline -0.004 -28"><span class='ocrx_word' id='word_1_89' title='bbox 376 1829 446 1922; x_wconf 86' lang='lat' dir='ltr'>regi</span> <span class='ocrx_word' id='word_1_90' title='bbox 463 1829 723 1896; x_wconf 89' lang='lat' dir='ltr'>Chlothachario</span> <span class='ocrx_word' id='word_1_91' title='bbox 737 1841 865 1918; x_wconf 91' lang='lat' dir='ltr'>partem</span> <span class='ocrx_word' id='word_1_92' title='bbox 878 1827 1042 1916; x_wconf 86' lang='lat' dir='ltr'>praedae,</span> <span class='ocrx_word' id='word_1_93' title='bbox 1059 1824 1086 1895; x_wconf 90' lang='lat' dir='ltr'>si</span> <span class='ocrx_word' id='word_1_94' title='bbox 1107 1823 1233 1890; x_wconf 89' lang='lat' dir='ltr'>eisdem</span> <span class='ocrx_word' id='word_1_95' title='bbox 1251 1848 1369 1890; x_wconf 92' lang='lat' dir='ltr'>munus</span> <span class='ocrx_word' id='word_1_96' title='bbox 1386 1824 1492 1890; x_wconf 87' lang='lat' dir='ltr'>victo-</span> 
     </span>
     <span class='ocr_line' id='line_1_15' title="bbox 376 1925 1494 2018; baseline -0.006 -21"><span class='ocrx_word' id='word_1_97' title='bbox 376 1932 443 1998; x_wconf 92' lang='lat' dir='ltr'>riae</span> <span class='ocrx_word' id='word_1_98' title='bbox 461 1930 635 1998; x_wconf 84' lang='lat' dir='ltr'>deveniret</span> <span class='ocrx_word' id='word_1_99' title='bbox 654 1931 873 1996; x_wconf 86' lang='lat' dir='ltr'>conferretur.</span> <span class='ocrx_word' id='word_1_100' title='bbox 897 1926 1096 1994; x_wconf 82' lang='lat' dir='ltr'>Convocatis</span> <span class='ocrx_word' id='word_1_101' title='bbox 1112 1925 1216 2018; x_wconf 84' lang='lat' dir='ltr'>igitur</span> <span class='ocrx_word' id='word_1_102' title='bbox 1235 1927 1390 2008; x_wconf 89' lang='lat' dir='ltr'>Francis,</span> <span class='ocrx_word' id='word_1_103' title='bbox 1411 1925 1494 1992; x_wconf 89' lang='lat' dir='ltr'>dicit</span> 
     </span>
    </p>

    <p class='ocr_par' dir='ltr' id='par_1_4' title="bbox 243 2027 1532 2529">
     <span class='ocr_line' id='line_1_16' title="bbox 243 2027 1532 2124; baseline -0.002 -28"><span class='ocrx_word' id='word_1_104' title='bbox 243 2048 297 2099; x_wconf 84' lang='lat' dir='ltr'>Col.</span> <span class='ocrx_word' id='word_1_105' title='bbox 311 2036 417 2100; x_wconf 70' lang='lat' dir='ltr'>titud</span> <span class='ocrx_word' id='word_1_106' title='bbox 445 2060 502 2100; x_wconf 88' lang='lat' dir='ltr'>eos</span> <span class='ocrx_word' id='word_1_107' title='bbox 533 2061 540 2098; x_wconf 77' lang='grc' dir='ltr'>ε</span> <span class='ocrx_word' id='word_1_108' title='bbox 574 2061 590 2097; x_wconf 90' lang='lat'>«</span> <span class='ocrx_word' id='word_1_109' title='bbox 619 2031 862 2124; x_wconf 85' lang='lat' dir='ltr'>Indignamini,</span> <span class='ocrx_word' id='word_1_110' title='bbox 893 2056 1036 2122; x_wconf 91' lang='lat' dir='ltr'>quaeso,</span> <span class='ocrx_word' id='word_1_111' title='bbox 1070 2043 1136 2095; x_wconf 91' lang='lat' dir='ltr'>tam</span> <span class='ocrx_word' id='word_1_112' title='bbox 1159 2027 1173 2117; x_wconf 74' lang='lat' dir='ltr'>ll</span> <span class='ocrx_word' id='word_1_113' title='bbox 1198 2055 1304 2096; x_wconf 89' lang='lat' dir='ltr'>meam</span> <span class='ocrx_word' id='word_1_114' title='bbox 1336 2029 1492 2096; x_wconf 90' lang='lat' dir='ltr'>iniuriam</span> <span class='ocrx_word' id='word_1_115' title='bbox 1508 2055 1532 2094; x_wconf 81' lang='lat'>¹5</span> 
     </span>
     <span class='ocr_line' id='line_1_17' title="bbox 375 2131 1489 2225; baseline -0.004 -25"><span class='ocrx_word' id='word_1_116' title='bbox 375 2159 474 2225; x_wconf 90' lang='lat' dir='ltr'>quam</span> <span class='ocrx_word' id='word_1_117' title='bbox 493 2145 668 2224; x_wconf 89' lang='lat' dir='ltr'>parentum</span> <span class='ocrx_word' id='word_1_118' title='bbox 688 2146 874 2199; x_wconf 90' lang='lat' dir='ltr'>vestrorum</span> <span class='ocrx_word' id='word_1_119' title='bbox 893 2131 1082 2213; x_wconf 89' lang='lat' dir='ltr'>interitum,</span> <span class='ocrx_word' id='word_1_120' title='bbox 1107 2156 1144 2196; x_wconf 93' lang='lat' dir='ltr'>ac</span> <span class='ocrx_word' id='word_1_121' title='bbox 1166 2131 1322 2212; x_wconf 80' lang='lat' dir='ltr'>recolite,</span> <span class='ocrx_word' id='word_1_122' title='bbox 1345 2131 1489 2197; x_wconf 88' lang='lat' dir='ltr'>Thoriu-</span> 
     </span>
     <span class='ocr_line' id='line_1_18' title="bbox 374 2233 1493 2329; baseline -0.004 -26"><span class='ocrx_word' id='word_1_123' title='bbox 374 2262 435 2329; x_wconf 84' lang='lat' dir='ltr'>gos</span> <span class='ocrx_word' id='word_1_124' title='bbox 454 2238 624 2327; x_wconf 93' lang='lat' dir='ltr'>quondam</span> <span class='ocrx_word' id='word_1_125' title='bbox 644 2260 745 2326; x_wconf 90' lang='lat' dir='ltr'>super</span> <span class='ocrx_word' id='word_1_126' title='bbox 763 2247 919 2325; x_wconf 87' lang='lat' dir='ltr'>parentes</span> <span class='ocrx_word' id='word_1_127' title='bbox 935 2247 1068 2300; x_wconf 91' lang='lat' dir='ltr'>nostros</span> <span class='ocrx_word' id='word_1_128' title='bbox 1087 2233 1252 2299; x_wconf 90' lang='lat' dir='ltr'>violenter</span> <span class='ocrx_word' id='word_1_129' title='bbox 1267 2233 1442 2300; x_wconf 89' lang='lat' dir='ltr'>advenisse</span> <span class='ocrx_word' id='word_1_130' title='bbox 1456 2258 1493 2299; x_wconf 88' lang='lat' dir='ltr'>ac</span> 
     </span>
     <span class='ocr_line' id='line_1_19' title="bbox 374 2335 1492 2425; baseline -0.003 -20"><span class='ocrx_word' id='word_1_131' title='bbox 374 2340 478 2406; x_wconf 88' lang='lat' dir='ltr'>multa</span> <span class='ocrx_word' id='word_1_132' title='bbox 489 2339 643 2404; x_wconf 88' lang='lat' dir='ltr'>intulisse</span> <span class='ocrx_word' id='word_1_133' title='bbox 661 2338 727 2403; x_wconf 92' lang='lat' dir='ltr'>illis</span> <span class='ocrx_word' id='word_1_134' title='bbox 743 2339 839 2404; x_wconf 89' lang='lat' dir='ltr'>mala.</span> <span class='ocrx_word' id='word_1_135' title='bbox 861 2337 944 2423; x_wconf 89' lang='lat' dir='ltr'>Qui,</span> <span class='ocrx_word' id='word_1_136' title='bbox 966 2337 1052 2402; x_wconf 90' lang='lat' dir='ltr'>datis</span> <span class='ocrx_word' id='word_1_137' title='bbox 1069 2335 1257 2418; x_wconf 91' lang='lat' dir='ltr'>obsidibus,</span> <span class='ocrx_word' id='word_1_138' title='bbox 1280 2359 1397 2425; x_wconf 86' lang='lat' dir='ltr'>pacem</span> <span class='ocrx_word' id='word_1_139' title='bbox 1418 2360 1492 2402; x_wconf 91' lang='lat' dir='ltr'>cum</span> 
     </span>
     <span class='ocr_line' id='line_1_20' title="bbox 374 2439 1493 2529; baseline -0.003 -23"><span class='ocrx_word' id='word_1_140' title='bbox 374 2442 427 2507; x_wconf 90' lang='lat' dir='ltr'>his</span> <span class='ocrx_word' id='word_1_141' title='bbox 445 2442 531 2507; x_wconf 88' lang='lat' dir='ltr'>inire</span> <span class='ocrx_word' id='word_1_142' title='bbox 548 2443 736 2524; x_wconf 90' lang='lat' dir='ltr'>voluerunt,</span> <span class='ocrx_word' id='word_1_143' title='bbox 748 2441 806 2506; x_wconf 88' lang='lat' dir='ltr'>sed</span> <span class='ocrx_word' id='word_1_144' title='bbox 821 2440 895 2505; x_wconf 84' lang='lat' dir='ltr'>itle1</span> <span class='ocrx_word' id='word_1_145' title='bbox 914 2439 1049 2505; x_wconf 89' lang='lat' dir='ltr'>obsides</span> <span class='ocrx_word' id='word_1_146' title='bbox 1061 2439 1153 2529; x_wconf 90' lang='lat' dir='ltr'>ipsos</span> <span class='ocrx_word' id='word_1_147' title='bbox 1174 2439 1314 2505; x_wconf 90' lang='lat' dir='ltr'>diversis</span> <span class='ocrx_word' id='word_1_148' title='bbox 1330 2439 1493 2506; x_wconf 88' lang='lat' dir='ltr'>mortibus</span> 
     </span>
    </p>

    <p class='ocr_par' dir='ltr' id='par_1_5' title="bbox 375 2545 1535 3044">
     <span class='ocr_line' id='line_1_21' title="bbox 375 2545 1535 2635; baseline -0.003 -25"><span class='ocrx_word' id='word_1_149' title='bbox 375 2545 581 2635; x_wconf 88' lang='lat' dir='ltr'>perimerunt</span> <span class='ocrx_word' id='word_1_150' title='bbox 610 2559 643 2610; x_wconf 91' lang='lat' dir='ltr'>et</span> <span class='ocrx_word' id='word_1_151' title='bbox 671 2545 848 2610; x_wconf 89' lang='lat' dir='ltr'>inruerunt</span> <span class='ocrx_word' id='word_1_152' title='bbox 871 2566 971 2633; x_wconf 90' lang='lat' dir='ltr'>super</span> <span class='ocrx_word' id='word_1_153' title='bbox 997 2555 1153 2632; x_wconf 90' lang='lat' dir='ltr'>parentes</span> <span class='ocrx_word' id='word_1_154' title='bbox 1180 2554 1333 2624; x_wconf 87' lang='lat' dir='ltr'>nostros,</span> <span class='ocrx_word' id='word_1_155' title='bbox 1360 2567 1492 2608; x_wconf 91' lang='lat' dir='ltr'>omnem</span> <span class='ocrx_word' id='word_1_156' title='bbox 1508 2567 1535 2608; x_wconf 80' lang='lat' dir='ltr'>so</span> 
     </span>
     <span class='ocr_line' id='line_1_22' title="bbox 375 2645 1494 2736; baseline -0.002 -24"><span class='ocrx_word' id='word_1_157' title='bbox 375 2647 595 2712; x_wconf 87' lang='lat' dir='ltr'>substantiam</span> <span class='ocrx_word' id='word_1_158' title='bbox 622 2646 847 2728; x_wconf 84' lang='lat' dir='ltr'>abstulerunt,</span> <span class='ocrx_word' id='word_1_159' title='bbox 874 2669 996 2735; x_wconf 89' lang='lat' dir='ltr'>pueros</span> <span class='ocrx_word' id='word_1_160' title='bbox 1020 2671 1081 2736; x_wconf 94' lang='lat' dir='ltr'>per</span> <span class='ocrx_word' id='word_1_161' title='bbox 1105 2669 1224 2711; x_wconf 88' lang='lat' dir='ltr'>nervos</span> <span class='ocrx_word' id='word_1_162' title='bbox 1251 2645 1433 2712; x_wconf 86' lang='lat' dir='ltr'>faemorum</span> <span class='ocrx_word' id='word_1_163' title='bbox 1453 2645 1494 2710; x_wconf 88' lang='lat' dir='ltr'>ad</span> 
     </span>
     <span class='ocr_line' id='line_1_23' title="bbox 375 2746 1494 2839; baseline -0.002 -25"><span class='ocrx_word' id='word_1_164' title='bbox 375 2751 512 2830; x_wconf 88' lang='lat' dir='ltr'>arbores</span> <span class='ocrx_word' id='word_1_165' title='bbox 549 2748 796 2839; x_wconf 88' lang='lat' dir='ltr'>adpendentes,</span> <span class='ocrx_word' id='word_1_166' title='bbox 831 2748 959 2836; x_wconf 89' lang='lat' dir='ltr'>puellas</span> <span class='ocrx_word' id='word_1_167' title='bbox 996 2748 1137 2839; x_wconf 88' lang='lat' dir='ltr'>amplius</span> <span class='ocrx_word' id='word_1_168' title='bbox 1167 2747 1329 2813; x_wconf 89' lang='lat' dir='ltr'>ducentas</span> <span class='ocrx_word' id='word_1_169' title='bbox 1364 2746 1494 2813; x_wconf 90' lang='lat' dir='ltr'>crudeli</span> 
     </span>
     <span class='ocr_line' id='line_1_24' title="bbox 376 2850 1494 2941; baseline -0.001 -24"><span class='ocrx_word' id='word_1_170' title='bbox 376 2877 458 2918; x_wconf 90' lang='lat' dir='ltr'>nece</span> <span class='ocrx_word' id='word_1_171' title='bbox 480 2852 727 2933; x_wconf 85' lang='lat' dir='ltr'>interficerunt‚</span> <span class='ocrx_word' id='word_1_172' title='bbox 749 2851 795 2917; x_wconf 91' lang='lat' dir='ltr'>ita</span> <span class='ocrx_word' id='word_1_173' title='bbox 815 2864 868 2930; x_wconf 90' lang='lat' dir='ltr'>ut,</span> <span class='ocrx_word' id='word_1_174' title='bbox 889 2851 1008 2941; x_wconf 83' lang='lat' dir='ltr'>legatis</span> <span class='ocrx_word' id='word_1_175' title='bbox 1032 2850 1178 2916; x_wconf 87' lang='lat' dir='ltr'>brachiis</span> <span class='ocrx_word' id='word_1_176' title='bbox 1204 2875 1305 2941; x_wconf 91' lang='lat' dir='ltr'>super</span> <span class='ocrx_word' id='word_1_177' title='bbox 1333 2874 1494 2939; x_wconf 89' lang='lat' dir='ltr'>equorum</span> 
     </span>
     <span class='ocr_line' id='line_1_25' title="bbox 377 2952 1496 3044; baseline -0.004 -23"><span class='ocrx_word' id='word_1_178' title='bbox 377 2954 581 3034; x_wconf 89' lang='lat' dir='ltr'>cervicibus,</span> <span class='ocrx_word' id='word_1_179' title='bbox 613 2954 746 3044; x_wconf 85' lang='lat' dir='ltr'>ipsique</span> <span class='ocrx_word' id='word_1_180' title='bbox 781 2952 942 3020; x_wconf 89' lang='lat' dir='ltr'>acerrimo</span> <span class='ocrx_word' id='word_1_181' title='bbox 978 2954 1059 3020; x_wconf 89' lang='lat' dir='ltr'>moti</span> <span class='ocrx_word' id='word_1_182' title='bbox 1096 2953 1230 3020; x_wconf 90' lang='lat' dir='ltr'>stimulo</span> <span class='ocrx_word' id='word_1_183' title='bbox 1268 2978 1329 3043; x_wconf 90' lang='lat' dir='ltr'>per</span> <span class='ocrx_word' id='word_1_184' title='bbox 1364 2952 1496 3019; x_wconf 84' lang='lat' dir='ltr'>diversa</span> 
     </span>
    </p>

    <p class='ocr_par' dir='ltr' id='par_1_6' title="bbox 263 3054 1541 3558">
     <span class='ocr_line' id='line_1_26' title="bbox 263 3054 1541 3148; baseline 0.001 -26"><span class='ocrx_word' id='word_1_185' title='bbox 263 3083 365 3134; x_wconf 57' lang='lat' dir='ltr'>Foru,</span> <span class='ocrx_word' id='word_1_186' title='bbox 376 3070 547 3147; x_wconf 91' lang='lat' dir='ltr'>patentes,</span> <span class='ocrx_word' id='word_1_187' title='bbox 576 3055 590 3148; x_wconf 82' lang='lat' dir='ltr'>{l</span> <span class='ocrx_word' id='word_1_188' title='bbox 614 3056 753 3122; x_wconf 86' lang='lat' dir='ltr'>diversis</span> <span class='ocrx_word' id='word_1_189' title='bbox 783 3056 818 3121; x_wconf 93' lang='lat' dir='ltr'>in</span> <span class='ocrx_word' id='word_1_190' title='bbox 850 3069 962 3145; x_wconf 89' lang='lat' dir='ltr'>partes</span> <span class='ocrx_word' id='word_1_191' title='bbox 991 3057 1151 3122; x_wconf 87' lang='lat' dir='ltr'>faeminas</span> <span class='ocrx_word' id='word_1_192' title='bbox 1179 3055 1376 3122; x_wconf 90' lang='lat' dir='ltr'>diviserunt.</span> <span class='ocrx_word' id='word_1_193' title='bbox 1409 3054 1541 3123; x_wconf 72' lang='lat' dir='ltr'>Aliisne</span> 
     </span>
     <span class='ocr_line' id='line_1_27' title="bbox 376 3159 1497 3249; baseline -0.002 -23"><span class='ocrx_word' id='word_1_194' title='bbox 376 3184 454 3226; x_wconf 90' lang='lat' dir='ltr'>vero</span> <span class='ocrx_word' id='word_1_195' title='bbox 479 3184 579 3249; x_wconf 92' lang='lat' dir='ltr'>super</span> <span class='ocrx_word' id='word_1_196' title='bbox 606 3159 733 3226; x_wconf 85' lang='lat' dir='ltr'>orbitas</span> <span class='ocrx_word' id='word_1_197' title='bbox 761 3159 888 3224; x_wconf 81' lang='lat' dir='ltr'>viarum</span> <span class='ocrx_word' id='word_1_198' title='bbox 912 3160 1077 3241; x_wconf 86' lang='lat' dir='ltr'>extensis,</span> <span class='ocrx_word' id='word_1_199' title='bbox 1112 3160 1318 3249; x_wconf 89' lang='lat' dir='ltr'>sudibusque</span> <span class='ocrx_word' id='word_1_200' title='bbox 1343 3159 1378 3224; x_wconf 91' lang='lat' dir='ltr'>in</span> <span class='ocrx_word' id='word_1_201' title='bbox 1406 3173 1497 3225; x_wconf 90' lang='lat' dir='ltr'>terra</span> 
     </span>
     <span class='ocr_line' id='line_1_28' title="bbox 377 3262 1496 3352; baseline -0.002 -24"><span class='ocrx_word' id='word_1_202' title='bbox 377 3263 534 3344; x_wconf 70' lang='lat' dir='ltr'>contium,</span> <span class='ocrx_word' id='word_1_203' title='bbox 555 3262 704 3352; x_wconf 89' lang='lat' dir='ltr'>plaustra</span> <span class='ocrx_word' id='word_1_204' title='bbox 721 3263 867 3351; x_wconf 90' lang='lat' dir='ltr'>desuper</span> <span class='ocrx_word' id='word_1_205' title='bbox 881 3265 1043 3329; x_wconf 90' lang='lat' dir='ltr'>honerata</span> <span class='ocrx_word' id='word_1_206' title='bbox 1063 3263 1205 3329; x_wconf 90' lang='lat' dir='ltr'>transire</span> <span class='ocrx_word' id='word_1_207' title='bbox 1222 3263 1393 3343; x_wconf 85' lang='lat' dir='ltr'>fecerunt,</span> <span class='ocrx_word' id='word_1_208' title='bbox 1414 3285 1496 3328; x_wconf 90' lang='lat' dir='ltr'>con-</span> 
     </span>
     <span class='ocr_line' id='line_1_29' title="bbox 379 3363 1496 3454; baseline 0.001 -26"><span class='ocrx_word' id='word_1_209' title='bbox 379 3364 584 3454; x_wconf 77' lang='lat' dir='ltr'>fracti[s]que</span> <span class='ocrx_word' id='word_1_210' title='bbox 606 3363 751 3446; x_wconf 89' lang='lat' dir='ltr'>ossibus,</span> <span class='ocrx_word' id='word_1_211' title='bbox 774 3365 913 3431; x_wconf 91' lang='lat' dir='ltr'>canibus</span> <span class='ocrx_word' id='word_1_212' title='bbox 930 3364 1111 3454; x_wconf 87' lang='lat' dir='ltr'>avibusque</span> <span class='ocrx_word' id='word_1_213' title='bbox 1126 3391 1181 3431; x_wconf 90' lang='lat' dir='ltr'>eas</span> <span class='ocrx_word' id='word_1_214' title='bbox 1195 3364 1230 3429; x_wconf 94' lang='lat' dir='ltr'>in</span> <span class='ocrx_word' id='word_1_215' title='bbox 1245 3363 1378 3452; x_wconf 89' lang='lat' dir='ltr'>cybaria</span> <span class='ocrx_word' id='word_1_216' title='bbox 1393 3363 1496 3430; x_wconf 86' lang='lat' dir='ltr'>dede-</span> 
     </span>
     <span class='ocr_line' id='line_1_30' title="bbox 378 3466 1497 3558; baseline -0.001 -27"><span class='ocrx_word' id='word_1_217' title='bbox 378 3480 464 3534; x_wconf 91' lang='lat' dir='ltr'>runt.</span> <span class='ocrx_word' id='word_1_218' title='bbox 490 3470 585 3535; x_wconf 92' lang='lat' dir='ltr'>Nunc</span> <span class='ocrx_word' id='word_1_219' title='bbox 606 3481 715 3533; x_wconf 89' lang='lat' dir='ltr'>autem</span> <span class='ocrx_word' id='word_1_220' title='bbox 738 3468 1019 3534; x_wconf 84' lang='lat' dir='ltr'>Hermenefredus</span> <span class='ocrx_word' id='word_1_221' title='bbox 1041 3469 1131 3558; x_wconf 91' lang='lat' dir='ltr'>quod</span> <span class='ocrx_word' id='word_1_222' title='bbox 1151 3467 1232 3534; x_wconf 93' lang='lat' dir='ltr'>mihi</span> <span class='ocrx_word' id='word_1_223' title='bbox 1252 3466 1424 3556; x_wconf 89' lang='lat' dir='ltr'>pollicitus</span> <span class='ocrx_word' id='word_1_224' title='bbox 1444 3478 1497 3531; x_wconf 90' lang='lat' dir='ltr'>est</span> 
     </span>
    </p>

    <p class='ocr_par' dir='ltr' id='par_1_7' title="bbox 377 3570 1542 4062">
     <span class='ocr_line' id='line_1_31' title="bbox 377 3570 1542 3660; baseline 0.002 -26"><span class='ocrx_word' id='word_1_225' title='bbox 377 3570 494 3636; x_wconf 81' lang='lat' dir='ltr'>fefellit</span> <span class='ocrx_word' id='word_1_226' title='bbox 516 3583 549 3637; x_wconf 89' lang='lat' dir='ltr'>et</span> <span class='ocrx_word' id='word_1_227' title='bbox 572 3571 802 3637; x_wconf 87' lang='lat' dir='ltr'>omninohaec</span> <span class='ocrx_word' id='word_1_228' title='bbox 822 3571 1005 3660; x_wconf 89' lang='lat' dir='ltr'>adimplere</span> <span class='ocrx_word' id='word_1_229' title='bbox 1029 3571 1229 3637; x_wconf 89' lang='lat' dir='ltr'>dissimulat.</span> <span class='ocrx_word' id='word_1_230' title='bbox 1251 3574 1337 3636; x_wconf 86' lang='lat' dir='ltr'>Ecce</span> <span class='ocrx_word' id='word_1_231' title='bbox 1357 3572 1495 3636; x_wconf 89' lang='lat' dir='ltr'>verbum</span> <span class='ocrx_word' id='word_1_232' title='bbox 1513 3597 1542 3636; x_wconf 85' lang='lat' dir='ltr'>so</span> 
     </span>
     <span class='ocr_line' id='line_1_32' title="bbox 377 3671 1497 3739; baseline 0 -3"><span class='ocrx_word' id='word_1_233' title='bbox 377 3671 541 3738; x_wconf 89' lang='lat' dir='ltr'>directum</span> <span class='ocrx_word' id='word_1_234' title='bbox 565 3674 726 3738; x_wconf 89' lang='lat' dir='ltr'>habemus</span> <span class='ocrx_word' id='word_1_235' title='bbox 751 3700 758 3738; x_wconf 87' lang='lat'><strong>:</strong></span> <span class='ocrx_word' id='word_1_236' title='bbox 788 3676 908 3739; x_wconf 89' lang='lat' dir='ltr'>Eamus</span> <span class='ocrx_word' id='word_1_237' title='bbox 943 3698 1016 3738; x_wconf 90' lang='lat' dir='ltr'>cum</span> <span class='ocrx_word' id='word_1_238' title='bbox 1050 3673 1112 3738; x_wconf 87' lang='lat' dir='ltr'>Dei</span> <span class='ocrx_word' id='word_1_239' title='bbox 1145 3671 1347 3738; x_wconf 89' lang='lat' dir='ltr'>adiutorium</span> <span class='ocrx_word' id='word_1_240' title='bbox 1380 3683 1497 3737; x_wconf 87' lang='lat' dir='ltr'>contra</span> 
     </span>
     <span class='ocr_line' id='line_1_33' title="bbox 378 3774 1496 3866; baseline 0 -26"><span class='ocrx_word' id='word_1_241' title='bbox 378 3776 452 3840; x_wconf 88' lang='lat' dir='ltr'>eosl</span> <span class='ocrx_word' id='word_1_242' title='bbox 477 3776 609 3860; x_wconf 83' lang='lat' dir='ltr'>»Quod</span> <span class='ocrx_word' id='word_1_243' title='bbox 629 3775 678 3840; x_wconf 92' lang='lat' dir='ltr'>illi</span> <span class='ocrx_word' id='word_1_244' title='bbox 697 3776 870 3842; x_wconf 87' lang='lat' dir='ltr'>audientes</span> <span class='ocrx_word' id='word_1_245' title='bbox 889 3774 980 3842; x_wconf 89' lang='lat' dir='ltr'>etde</span> <span class='ocrx_word' id='word_1_246' title='bbox 1003 3789 1098 3841; x_wconf 88' lang='lat' dir='ltr'>tanto</span> <span class='ocrx_word' id='word_1_247' title='bbox 1115 3777 1241 3842; x_wconf 89' lang='lat' dir='ltr'>scelere</span> <span class='ocrx_word' id='word_1_248' title='bbox 1261 3774 1496 3866; x_wconf 84' lang='lat' dir='ltr'>indignantes,</span> 
     </span>
     <span class='ocr_line' id='line_1_34' title="bbox 377 3877 1495 3968; baseline -0.001 -25"><span class='ocrx_word' id='word_1_249' title='bbox 377 3901 444 3943; x_wconf 92' lang='lat' dir='ltr'>uno</span> <span class='ocrx_word' id='word_1_250' title='bbox 474 3878 584 3943; x_wconf 90' lang='lat' dir='ltr'>animo</span> <span class='ocrx_word' id='word_1_251' title='bbox 618 3878 801 3968; x_wconf 90' lang='lat' dir='ltr'>eademque</span> <span class='ocrx_word' id='word_1_252' title='bbox 831 3878 1032 3945; x_wconf 86' lang='lat' dir='ltr'>sententiam</span> <span class='ocrx_word' id='word_1_253' title='bbox 1064 3877 1282 3968; x_wconf 85' lang='lat' dir='ltr'>Thoringiam</span> <span class='ocrx_word' id='word_1_254' title='bbox 1313 3877 1495 3967; x_wconf 91' lang='lat' dir='ltr'>petierunt.</span> 
     </span>
     <span class='ocr_line' id='line_1_35' title="bbox 378 3980 1498 4062; baseline -0.003 -15"><span class='ocrx_word' id='word_1_255' title='bbox 378 3980 607 4047; x_wconf 83' lang='lat' dir='ltr'>Theudoricus</span> <span class='ocrx_word' id='word_1_256' title='bbox 642 3994 768 4062; x_wconf 87' lang='lat' dir='ltr'>autem,</span> <span class='ocrx_word' id='word_1_257' title='bbox 799 3981 1094 4048; x_wconf 88' lang='lat' dir='ltr'>Chlothacharium</span> <span class='ocrx_word' id='word_1_258' title='bbox 1122 3982 1257 4047; x_wconf 86' lang='lat' dir='ltr'>fratrem</span> <span class='ocrx_word' id='word_1_259' title='bbox 1287 3994 1319 4046; x_wconf 90' lang='lat' dir='ltr'>et</span> <span class='ocrx_word' id='word_1_260' title='bbox 1346 3981 1498 4046; x_wconf 91' lang='lat' dir='ltr'>Theodo-</span> 
     </span>
    </p>

    <p class='ocr_par' dir='ltr' id='par_1_8' title="bbox 377 4081 1543 4382">
     <span class='ocr_line' id='line_1_36' title="bbox 377 4081 1543 4175; baseline 0 -26"><span class='ocrx_word' id='word_1_261' title='bbox 377 4086 509 4150; x_wconf 90' lang='lat' dir='ltr'>bertum</span> <span class='ocrx_word' id='word_1_262' title='bbox 530 4083 634 4150; x_wconf 89' lang='lat' dir='ltr'>filium</span> <span class='ocrx_word' id='word_1_263' title='bbox 647 4083 682 4150; x_wconf 90' lang='lat' dir='ltr'>in</span> <span class='ocrx_word' id='word_1_264' title='bbox 703 4084 822 4149; x_wconf 86' lang='lat' dir='ltr'>solatio</span> <span class='ocrx_word' id='word_1_265' title='bbox 840 4109 900 4151; x_wconf 91' lang='lat' dir='ltr'>suo</span> <span class='ocrx_word' id='word_1_266' title='bbox 916 4086 1130 4175; x_wconf 87' lang='lat' dir='ltr'>adsumptos,</span> <span class='ocrx_word' id='word_1_267' title='bbox 1151 4107 1226 4150; x_wconf 92' lang='lat' dir='ltr'>cum</span> <span class='ocrx_word' id='word_1_268' title='bbox 1243 4082 1390 4149; x_wconf 88' lang='lat' dir='ltr'>exercitu</span> <span class='ocrx_word' id='word_1_269' title='bbox 1400 4081 1493 4148; x_wconf 87' lang='lat' dir='ltr'>abiit.</span> <span class='ocrx_word' id='word_1_270' title='bbox 1513 4110 1543 4149; x_wconf 76' lang='lat' dir='ltr'>os</span> 
     </span>
     <span class='ocr_line' id='line_1_37' title="bbox 378 4187 1497 4280; baseline -0.004 -26"><span class='ocrx_word' id='word_1_271' title='bbox 378 4188 540 4280; x_wconf 86' lang='lat' dir='ltr'>Thuringi</span> <span class='ocrx_word' id='word_1_272' title='bbox 566 4213 644 4254; x_wconf 91' lang='lat' dir='ltr'>vero</span> <span class='ocrx_word' id='word_1_273' title='bbox 678 4187 890 4254; x_wconf 89' lang='lat' dir='ltr'>venientibus</span> <span class='ocrx_word' id='word_1_274' title='bbox 924 4187 1061 4256; x_wconf 85' lang='lat' dir='ltr'>Francis</span> <span class='ocrx_word' id='word_1_275' title='bbox 1086 4187 1183 4252; x_wconf 92' lang='lat' dir='ltr'>dolos</span> <span class='ocrx_word' id='word_1_276' title='bbox 1214 4197 1426 4276; x_wconf 87' lang='lat' dir='ltr'>praeparant.</span> <span class='ocrx_word' id='word_1_277' title='bbox 1459 4187 1497 4250; x_wconf 92' lang='lat' dir='ltr'>ln</span> 
     </span>
     <span class='ocr_line' id='line_1_38' title="bbox 378 4287 1496 4382; baseline -0.004 -25"><span class='ocrx_word' id='word_1_278' title='bbox 378 4315 530 4381; x_wconf 89' lang='lat' dir='ltr'>campum</span> <span class='ocrx_word' id='word_1_279' title='bbox 551 4291 657 4372; x_wconf 89' lang='lat' dir='ltr'>enirn,</span> <span class='ocrx_word' id='word_1_280' title='bbox 675 4316 742 4380; x_wconf 93' lang='lat' dir='ltr'>quo</span> <span class='ocrx_word' id='word_1_281' title='bbox 759 4304 928 4358; x_wconf 89' lang='lat' dir='ltr'>certamen</span> <span class='ocrx_word' id='word_1_282' title='bbox 941 4291 993 4382; x_wconf 87' lang='lat' dir='ltr'>agi</span> <span class='ocrx_word' id='word_1_283' title='bbox 1010 4292 1191 4370; x_wconf 88' lang='lat' dir='ltr'>debebant,</span> <span class='ocrx_word' id='word_1_284' title='bbox 1203 4289 1308 4355; x_wconf 79' lang='lat' dir='ltr'>fossas</span> <span class='ocrx_word' id='word_1_285' title='bbox 1320 4287 1496 4367; x_wconf 88' lang='lat' dir='ltr'>effodiunt,</span> 
     </span>
    </p>
   </div>
   <div class='ocr_carea' id='block_1_4' title="bbox 408 4431 583 4482">
    <p class='ocr_par' dir='ltr' id='par_1_9' title="bbox 408 4431 583 4482">
     <span class='ocr_line' id='line_1_39' title="bbox 408 4431 583 4482; baseline 0.017 -4"><span class='ocrx_word' id='word_1_286' title='bbox 408 4432 430 4478; x_wconf 85' lang='lat' dir='ltr'>l.</span> <span class='ocrx_word' id='word_1_287' title='bbox 451 4431 583 4482; x_wconf 71' lang='lat' dir='ltr'>Camilli.</span> 
     </span>
    </p>
   </div>
   <div class='ocr_carea' id='block_1_5' title="bbox 0 0 1627 5158">
    <p class='ocr_par' dir='ltr' id='par_1_10' title="bbox 0 0 1627 5158">
     <span class='ocr_line' id='line_1_40' title="bbox 0 0 1627 5158; baseline 0 0"><span class='ocrx_word' id='word_1_288' title='bbox 0 0 1627 5158; x_wconf 95' lang='lat' dir='ltr'> </span> 
     </span>
    </p>
   </div>
  </div>
 </body>
</html>
