3238 5140
455 453 620 503 uisroain
643 455 843 504 FRANCORUM
860 435 956 502 tinen
973 454 993 500 1.
1269 455 1282 500 7

162 570 280 660 populi
299 570 471 636 liberatur.
492 571 548 638 Sic
566 571 654 637 enim
675 571 817 663 legimus
837 599 844 636 :
870 571 1059 636 Ambulooit
1075 571 1189 636 Eoocli
1208 595 1280 634 cum

163 673 323 753 Domino,
341 688 372 737 et
390 699 454 738 non
473 681 663 764 conparuit,
684 681 762 766 quio
779 677 868 739 Deus
883 675 957 738 tulit
972 696 1043 738 eum
1054 673 1074 737 ¹.

209 842 281 906 llll.
310 840 472 907 Dominus
492 867 572 933 ergo
593 855 776 910 commotus
796 854 912 906 contra
932 841 1126 930 iniquitates
1146 841 1278 930 populi,
1291 853 1418 904 Foloe.

164 968 232 1008 nou
250 943 284 1007 in
301 943 368 1008 suis
387 943 512 1009 semitis
527 944 739 1035 gradientes,
760 943 920 1008 diluvium
941 943 1042 1036 mittit
1060 957 1280 1032 cunctamque

134 1071 148 1108 5
164 1045 308 1111 animam
324 1045 487 1110 viventem
503 1046 545 1111 de
564 1045 774 1135 superficiem
792 1059 899 1110 terrae
915 1045 1075 1110 diluvium
1096 1045 1280 1122 inundante

164 1147 305 1228 delevit,
325 1161 451 1213 tanturn
464 1149 560 1237 N[o]e
576 1148 806 1213 fidelissimum
818 1147 1065 1236 acpeculiarem
1083 1147 1147 1212 sibi
1164 1147 1280 1237 suique

164 1259 263 1340 typus
291 1250 437 1340 speeiem
464 1251 707 1339 praeferentem
734 1276 808 1315 eum
836 1252 892 1316 su'a
923 1251 974 1315 vel
1001 1249 1100 1314 trium
1128 1263 1281 1315 natorum

165 1353 365 1445 coniugibus
379 1352 584 1442 posteritatis
598 1353 802 1442 reparandae
813 1353 939 1443 gratiae
952 1353 986 1416 in
1000 1377 1074 1418 arca
1089 1351 1277 1418 reservavit.

165 1458 344 1545 lnerepant
360 1481 421 1520 nos
437 1455 491 1520 hio
507 1455 663 1537 heretici,
682 1480 767 1544 quur
783 1455 956 1521 Soribtura
971 1467 1085 1520 sancta
1101 1454 1281 1520 Dominum

124 1556 305 1623 indixisset
322 1557 453 1624 iratum.
477 1559 692 1648 Cognoscant
706 1582 802 1648 ergo,
822 1557 899 1646 quia
917 1561 1006 1622 Deus
1028 1569 1226 1622 nosternon
1246 1567 1282 1620 ut

164 1659 265 1724 homo
291 1659 448 1724 irascitur
477 1687 483 1723 :
512 1672 737 1725 commovetur
770 1658 859 1724 enim
887 1671 924 1723 ut
950 1670 1091 1736 terreat,
1119 1658 1222 1748 pellet
1246 1670 1282 1721 ut
1328 1685 1331 1694 ·

163 1774 318 1841 revocet,
341 1761 495 1826 irascitur
514 1775 551 1827 ut
571 1761 737 1826 emendet.
759 1761 826 1828 Sed
847 1784 908 1826 nec
930 1762 995 1824 hoc
1014 1758 1167 1846 ambigo,
1191 1759 1280 1849 quod

164 1862 295 1952 species
312 1863 368 1928 illa
384 1887 479 1928 areae
495 1875 609 1953 typum
625 1863 739 1928 matris
753 1864 915 1953 gessisset
931 1861 1083 1927 eclesiae.
1102 1863 1176 1950 lpsa
1193 1859 1280 1925 enim

163 1965 252 2030 iuter
276 1965 395 2031 fluctos
421 1978 454 2029 et
481 1966 637 2054 scupnlos
667 1965 766 2030 huius
795 1963 917 2029 saeculi
942 1964 1129 2044 transiens,
1155 1987 1215 2027 uos
1240 1963 1282 2027 ab

121 2093 148 2131 15
163 2067 406 2133 inminentibus
423 2068 518 2132 malis
540 2081 689 2133 materno
704 2067 889 2158 gestamine
911 2066 1042 2148 fovens,
1057 2065 1114 2156 pio
1130 2065 1283 2156 amplexu

164 2196 201 2236 ac
219 2170 430 2260 protectione
442 2170 605 2236 defendit.

207 2339 258 2404 Ab
273 2338 377 2403 Adam
396 2362 476 2428 ergo
493 2362 596 2428 usque
614 2337 654 2401 ad
675 2339 745 2402 Noe
763 2336 997 2426 generationes
1020 2337 1153 2413 decem,
1176 2335 1209 2399 id
1232 2349 1284 2400 est

163 2442 287 2514 Adam,
312 2443 411 2519 Seth,
440 2443 550 2518 Enos,
580 2439 727 2516 Comen,
750 2439 972 2517 Mathusalae,
994 2439 1122 2516 Iareth,
1144 2438 1281 2517 Enoch,

163 2545 401 2621 Mathusalam,
419 2545 501 2607 Noe.
525 2545 561 2608 ln
580 2541 633 2606 his
658 2565 738 2631 ergo
756 2541 872 2605 decem
889 2539 1163 2631 generationibus
1190 2538 1283 2605 inve·

119 2673 148 2710 no
164 2645 302 2711 niuntur
317 2648 395 2712 anni
413 2633 601 2714 llCCXLll.
623 2646 727 2710 udam
747 2669 824 2708 vero
843 2644 876 2708 in
895 2658 982 2709 terra
1006 2642 1142 2708 Enaeim
1169 2645 1280 2732 sepul-

163 2761 257 2836 tum,
299 2775 384 2839 quae
424 2750 516 2840 prius
553 2750 686 2814 Hebron
719 2749 916 2828 vocabatur,
956 2747 1042 2812 liber
1077 2749 1150 2812 lesu
1195 2749 1283 2812 Nave

162 2851 337 2919 evidenter
355 2853 522 2942 explanat.

205 3022 245 3088 V.
274 3021 426 3086 Habebat
456 3044 537 3110 ergo
561 3022 631 3086 Noe
659 3031 736 3107 post
765 3018 925 3084 dilnvium
954 3031 1022 3081 tres
1053 3017 1159 3097 filios,
1190 3019 1280 3096 Sem,

163 3124 268 3187 Cham
288 3135 322 3187 et
337 3123 454 3189 laletli.
471 3125 520 3187 De
537 3121 640 3187 laseth
661 3146 815 3211 egressae
833 3133 911 3185 sunt
925 3133 1056 3210 gentes,
1079 3119 1233 3184 similiter
1249 3135 1283 3186 et

119 3252 148 3290 25
163 3225 204 3289 de
223 3226 326 3290 Cham
349 3225 417 3289 sive
434 3225 476 3289 de
498 3226 586 3290 Sem.
616 3227 674 3302 Et,
701 3225 787 3287 sicut
807 3223 853 3288 ait
876 3235 968 3286 vetus
991 3220 1147 3301 historia,
1167 3223 1209 3286 ab
1228 3223 1282 3287 his

162 3327 409 3392 dissiminatum
431 3340 482 3391 est
501 3351 607 3416 genus
627 3329 807 3391 humanum
829 3327 890 3391 sub
911 3325 1066 3391 universo
1084 3325 1188 3390 caelo.
1209 3328 1281 3392 Pri-

162 3429 353 3520 mogenitus
370 3453 449 3493 vero
470 3431 573 3493 Cham
597 3431 698 3493 Chus.
725 3427 786 3492 Hic
806 3427 866 3492 luit
889 3427 992 3492 totius
1017 3428 1097 3492 artis
1115 3430 1279 3519 magicae,

161 3533 324 3597 inbuente
344 3531 497 3612 diabulo,
515 3543 549 3595 et
566 3531 693 3619 primus
712 3531 887 3595 idolatriae
902 3531 1110 3596 adinventor.
1130 3530 1190 3596 llic
1210 3532 1281 3620 pri-

162 3659 235 3700 mus
259 3633 449 3699 statieolum
471 3633 676 3698 adorandum
699 3632 826 3698 diabuli
847 3632 1065 3722 instigatione
1083 3634 1277 3714 constituit3

119 3765 148 3803 so
162 3738 219 3828 qui
237 3749 272 3802 et
287 3737 400 3800 stellas
416 3747 449 3800 et
469 3735 580 3825 ignem
598 3736 610 3826 Η
627 3737 669 3800 de
688 3735 780 3800 caelo
800 3736 919 3800 eadere
939 3735 1017 3800 salsa
1033 3735 1154 3800 virtute
1171 3736 1279 3800 homi·
1289 3725 1345 3834 {2}
1355 3727 1392 3834 1⁶0¹·

162 3841 262 3906 uibus
279 3840 489 3904 ostendebat.
521 3838 581 3904 Hic
605 3839 645 3902 ad
664 3841 782 3904 Persas
801 3837 944 3904 transiit.
968 3841 1062 3902 llunc
1081 3838 1173 3904 Persi
1192 3838 1278 3903 voci-

162 3955 273 4008 tavere
296 3945 511 4018 Zoroastren,
533 3942 567 4005 id
588 3953 639 4005 est
657 3940 822 4005 viventem
846 3940 985 4005 stellam.
1014 3941 1066 4006 Ab
1092 3942 1156 4005 hoc
1180 3941 1279 4006 etiam

162 4047 274 4136 ignem
290 4044 430 4108 adorare
444 4041 609 4123 consueti,
624 4043 733 4132 ipsum
748 4042 905 4107 divinitas
919 4042 1029 4133 ignem
1046 4057 1279 4132 consumptum

163 4160 200 4212 ut
214 4148 314 4213 deum
334 4147 459 4212 colunt.

195 4341 215 4388 1.
235 4342 297 4390 Gen.
311 4343 334 4396 5,
348 4341 386 4387 25.
