3220 5158
429 483 594 533 HISTORIAE
611 485 811 534 FRANGORUM
828 486 924 536 LIBER
940 487 973 534 ΙΙ.
1229 486 1259 531 53

139 600 330 648 revertebatur.
344 599 401 656 Quo
409 600 546 664 migrante,
559 600 681 649 Sidonius
694 618 724 650 ex
736 605 867 666 praefecto
874 603 1055 660 substituetur,
1065 602 1107 650 vir
1117 601 1259 650 secundum

140 663 239 710 saeculi
255 663 411 738 dignitatem
423 663 602 712 nobilissimus
619 671 643 711 et
663 665 694 712 da
713 665 806 728 primis
820 666 966 716 Galliarum
986 665 1163 722 senatoribus,
1181 665 1218 712 ita
1230 670 1259 710 ut

140 726 225 774 filiam
240 726 291 775 sibl
307 725 376 774 Aviti
392 726 558 790 imperatoris
576 726 603 772 in
622 727 788 775 matrimonio
808 729 925 776 sociaret.
950 729 1032 775 Huius
1052 734 1181 791 tempore,
1200 742 1259 774 cum

139 788 226 838 adbuc
238 789 310 852 apud
318 789 411 836 urbem
420 790 562 838 Arvernam
571 789 708 846 Victorius,
720 791 761 838 cui
771 807 851 854 supra
860 791 1035 847 meminimus,
1045 796 1198 847 moraretur,
1211 789 1259 836 fuit

111 857 125 894 5
139 851 168 898 in
180 851 340 898 monasterio
352 852 422 900 beati
439 851 536 907 Quirici
549 851 623 900 urbis
639 851 723 915 ipsius
739 854 821 900 abbas
842 853 974 901 Abrabam
987 853 1103 908 nomine,
1138 853 1164 900 ui
1177 852 1227 900 fide
1239 854 1249 911 ΙΙ
1269 839 1322 887 0⁰1·
1337 841 1374 888 73·

140 920 219 987 atque
232 913 356 987 operibus
373 915 492 964 Abrahae
508 913 580 963 illius
597 914 693 976 prioris
707 915 793 979 gratia
808 917 968 980 refulgebat,
987 916 1054 964 sicut
1065 915 1093 963 in
1105 870 1174 964 libro
1190 914 1258 962 vitae

139 991 196 1024 eius
210 992 374 1039 scripsrmus.

172 1117 211 1164 22.
230 1117 341 1165 Sanctus
351 1085 416 1166 vero
429 1117 551 1166 Sidonius
563 1124 651 1166 tantae
669 1119 804 1167 facundiae
822 1126 890 1177 erat,
909 1126 937 1168 ut
950 1121 1104 1184 plerumque
1115 1136 1146 1167 ex
1158 1120 1194 1166 im
1215 1135 1258 1168 ro-

139 1179 198 1228 viso
211 1179 418 1228 luculentissime
430 1197 496 1244 quae
505 1181 646 1238 voluisset,
659 1181 733 1229 nulla
744 1182 887 1230 obsistente
899 1198 985 1239 mora,
1001 1189 1175 1256 componeret.
1189 1136 1258 1230 don-

100 1249 124 1288 1⁰
139 1242 201 1305 tigit
215 1250 303 1290 autem
315 1243 428 1306 quadam
441 1243 495 1300 die,
509 1250 538 1290 ιιι
556 1244 589 1290 ad
608 1243 776 1292 festivitatem
793 1245 918 1293 basilicae
933 1252 1097 1303 monasteru,
1114 1245 1156 1293 cui
1178 1261 1259 1308 supra

140 1305 322 1361 meminimus,
335 1305 461 1354 invitatus
479 1307 624 1362 accederet,
642 1307 780 1369 ablatoque
797 1307 848 1355 sibi
864 1307 982 1370 nequiter
999 1308 1101 1364 libello,
1122 1323 1258 1370 perquem

140 1373 309 1415 sacrosancta
333 1368 470 1416 sollemnia
489 1384 566 1432 agere
580 1375 763 1425 consueverat,
781 1369 818 1417 ita
836 1377 945 1432 paratus
965 1385 981 1416 a
996 1377 1112 1433 tempore
1136 1377 1258 1417 cunctum

141 1429 292 1477 festivitatis
303 1445 369 1493 opus
382 1430 518 1503 explicuit,
529 1436 559 1478 ut
568 1431 601 1478 ab
613 1431 733 1478 omnibus
745 1432 891 1488 miraretur,
905 1449 952 1480 neo
960 1437 1097 1550 putaretur
1109 1433 1142 1480 ab
1155 1433 1258 1479 adstan-

139 1492 225 1549 tibus,
239 1491 338 1540 ibidem
354 1493 486 1540 bominem
505 1494 621 1541 locutum
638 1493 731 1550 fuisse,
749 1494 794 1540 sed
810 1495 940 1556 angelum.
982 1495 1034 1541 uod
1053 1495 1080 1541 in
1096 1493 1257 1558 praefatione

98 1564 124 1602 15
139 1554 215 1611 libri,
230 1571 308 1618 quem
320 1556 351 1603 de
364 1555 452 1602 missis
465 1557 498 1603 ab
515 1572 543 1602 eo
557 1555 708 1618 compositis
726 1557 918 1613 coniunximus,
937 1557 1039 1630 plenius
1056 1557 1255 1605 declaravimus.

140 1617 207 1664 Cum
219 1623 307 1664 autem
320 1625 389 1665 esset
405 1618 559 1681 magnificae
577 1619 723 1666 sanctitatis
739 1625 830 1681 atque,
851 1625 880 1666 ut
894 1619 1023 1676 diximus,
1043 1635 1074 1666 ex
1092 1620 1256 1667 senatoribus

141 1679 249 1742 primis,
262 1679 416 1744 plerumque
428 1681 558 1728 nesciente
570 1680 680 1744 coniuge
689 1697 753 1728 vasa
765 1687 889 1744 argentea
902 1682 1036 1729 auferebat
1049 1697 1064 1729 a
1076 1682 1153 1730 domo
1162 1688 1257 1744 etpau·

140 1742 249 1804 peribus
263 1743 396 1805 erogabat.
411 1743 485 1799 Quod
502 1744 549 1790 illa
567 1759 625 1790 oum
644 1751 823 1806 cognosceret,
843 1744 1069 1792 scandalizabatur
1081 1745 1108 1791 in
1125 1761 1197 1802 eum,
1212 1744 1257 1792 sed

139 1811 243 1862 tamen,
255 1805 316 1853 dato
330 1805 418 1868 egenis
430 1805 527 1869 pretio,
543 1806 642 1869 species
653 1806 723 1854 domi
735 1806 897 1854 restituebat.

94 1958 124 1996 20
171 1950 209 1996 23.
225 1948 341 2012 Cumque
354 1949 387 1997 ad
400 1950 514 1997 officium
526 1948 686 2006 dominicum
701 1948 793 1996 fuisset
809 1948 987 2011 mancipatum
999 1955 1024 1996 et
1040 1954 1157 1996 sanctam
1169 1957 1258 2011 ageret

139 2012 166 2058 in
186 2012 290 2059 saeculo
309 2011 404 2068 vitam,
426 2018 593 2059 surrexerunt
611 2017 701 2059 contra
723 2027 782 2058 eum
803 2011 854 2058 duo
870 2011 1023 2074 presbiteri,
1048 2017 1073 2058 et
1096 2011 1213 2058 ablatam
1234 2013 1257 2059 ei

139 2089 243 2121 omnem
255 2080 412 2137 potestatem
420 2091 435 2122 a
448 2074 526 2122 rebus
539 2073 676 2131 ecclesiae,
688 2080 774 2121 artum
786 2074 944 2121 oivictnmet
954 2080 1059 2122 tenuem
1070 2074 1254 2136 relinquentes,

139 2137 172 2184 ad
194 2152 325 2184 summam
341 2153 401 2184 eum
415 2137 599 2185 contumeliam
618 2135 776 2200 redigerunt.
797 2136 846 2184 Sed
864 2152 915 2182 non
932 2137 1003 2199 longi
1024 2135 1151 2199 temporis
1171 2137 1256 2200 spatio

139 2200 251 2247 inultam
267 2199 323 2246 eius
341 2199 463 2248 iniurium
481 2199 570 2246 divina
586 2198 669 2246 voluit
686 2197 813 2246 sustinere
827 2199 971 2246 clementia.
992 2200 1056 2246 Nam
1074 2215 1141 2246 unus
1163 2215 1193 2246 ex
1214 2199 1256 2248 his

94 2270 124 2308 25
139 2261 307 2326 nequissimis
320 2268 345 2308 et
356 2262 495 2324 indignum
506 2261 557 2308 dici
567 2261 729 2324 presbiteris,
741 2277 800 2308 cum
812 2267 870 2308 ante
883 2267 957 2308 nocte
968 2261 1081 2310 minatus
1093 2261 1186 2309 fnisset
1197 2278 1257 2310 eum

138 2323 292 2372 deecclesia
305 2325 371 2372 velle
384 2325 529 2380 extrahere,
542 2323 647 2386 signum
661 2323 694 2370 ad
707 2324 842 2370 matutinis
857 2323 964 2370 audiens
978 2324 1070 2372 fuisset
1082 2330 1255 2382 commotum,

139 2388 241 2434 fervens
256 2387 315 2434 felle
327 2393 417 2434 contra
431 2393 549 2434 sanctum
562 2386 606 2433 Dei
622 2385 745 2442 surrexit,
760 2385 808 2433 hoc
820 2386 909 2448 iniquo
921 2385 998 2433 corde
1010 2387 1114 2450 explere
1126 2386 1254 2450 cogitans,

139 2449 207 2513 quod
220 2448 261 2496 die
274 2448 443 2512 praecedente
455 2454 622 2496 tractaverat.
643 2448 781 2510 ingressus
794 2454 881 2496 autem
897 2448 923 2494 in
942 2464 1073 2497 secessum
1086 2465 1179 2506 suum,
1193 2450 1256 2497 dum

137 2518 256 2559 ventrem
267 2528 381 2575 purgare
393 2511 493 2568 nititur,
508 2511 629 2572 spiritum
641 2509 780 2558 exhalavit.
794 2511 933 2573 Exspectat
943 2517 1000 2558 tum
1010 2527 1069 2559 cum
1100 2526 1146 2558 uer
1159 2527 1173 2558 a
1191 2513 1254 2559 loris

94 2579 124 2617 ³0
137 2591 196 2622 cum
208 2589 282 2621 cereo
295 2574 428 2621 dominum
445 2575 631 2636 egrcsltsurum.
647 2574 752 2636 lamque
769 2574 910 2620 advenerat
924 2573 980 2630 lux,
997 2581 1022 2620 et
1033 2528 1138 2621 sateiles
1151 2573 1216 2632 eius,
1226 2574 1254 2623 id
1265 2569 1317 2618 Col.
1334 2571 1371 2618 74.

137 2636 252 2685 estalius
265 2637 403 2699 presbiter,
417 2636 497 2684 mittit
508 2635 641 2691 nuntium,
652 2635 741 2682 dicens
753 2651 758 2682 :
771 2652 783 2682 ιι
796 2635 872 2692 Veni,
884 2650 915 2682 ne
927 2636 1052 2693 tarderis,
1063 2642 1092 2684 ιιι
1102 2652 1168 2699 quae
1177 2637 1253 2684 nobis

136 2699 177 2746 die
190 2699 313 2746 besterna
323 2700 442 2746 convenit
454 2699 553 2762 pariter
569 2699 728 2760 expleamus.
748 2713 760 2744 ιι
775 2698 825 2744 Sed
843 2714 902 2744 cum
918 2714 1045 2761 responsa
1057 2699 1120 2747 dare
1137 2697 1254 2746 differret

136 2760 277 2815 exanimis,
297 2762 397 2808 elevato
413 2777 478 2826 puer
495 2761 551 2808 velo
571 2760 631 2807 ostii
651 2760 767 2824 repperit
785 2761 920 2808 dominum
942 2777 1021 2823 super
1044 2760 1138 2809 sellula
1157 2763 1252 2809 secessi

135 2824 295 2871 defunctum.
312 2823 386 2870 Unde
402 2823 578 2871 indubitatum
595 2829 647 2877 est,
665 2839 717 2870 non
735 2822 843 2870 minoris
864 2823 981 2870 criminis
998 2822 1066 2871 buno
1089 2839 1163 2871 reum
1181 2839 1251 2880 esse,

93 2895 122 2934 35
136 2902 216 2950 quam
227 2885 333 2933 Arrium
345 2885 434 2942 illum,
449 2886 491 2934 cui
504 2884 625 2933 similiter
640 2885 667 2931 in
682 2901 815 2934 secessum
831 2886 934 2933 fuerunt
952 2885 1055 2933 interna
1074 2885 1194 2958 deposita
1206 2902 1253 2949 per

135 2948 220 3012 partis
237 2948 369 2996 inferioris
386 2954 515 3011 egestum,
536 2947 597 3010 quia
614 2963 661 2994 nec
678 2946 749 2994 istud
769 2947 824 2995 sine
842 2946 944 2994 haeresi
962 2954 1049 3010 potest
1065 2947 1160 3010 acc1pi,
1181 2949 1253 2996 utin

135 3010 273 3058 ecclesiam
283 3027 334 3057 non
347 3011 504 3059 obaudiatur
520 3008 640 3057 sacerdos
662 3009 719 3066 Dei,
740 3011 780 3057 cui
794 3010 827 3057 ad
846 3009 1007 3072 pascendum
1019 3026 1080 3058 oves
1098 3011 1253 3058 commissae

135 3080 209 3130 sunt,
222 3079 247 3120 et
258 3073 302 3120 ille
316 3088 343 3120 se
354 3073 458 3136 ingerat
469 3072 605 3136 potestati,
617 3071 658 3118 cui
668 3088 751 3135 neque
764 3089 779 3120 a
789 3073 840 3120 Deo
853 3087 935 3135 neque
945 3073 978 3119 ab
991 3072 1140 3120 hominibus
1153 3072 1253 3136 aliquid

134 3142 176 3183 est
187 3135 366 3184 commissum.
380 3136 476 3184 Dehinc
489 3136 580 3182 beatus
592 3134 722 3190 sacerdoS,
734 3151 785 3182 uno
798 3134 882 3182 adhuc
894 3141 1013 3181 manente
1026 3134 1196 3183 nihilominus
1206 3135 1253 3182 ini-

93 3213 120 3251 to
135 3199 216 3254 mico,
231 3213 292 3245 suae
304 3199 456 3246 restituetur
469 3197 601 3261 potestati.
616 3197 723 3244 Factum
738 3203 778 3244 est
795 3203 882 3244 autem
900 3202 960 3260 post
975 3197 1052 3253 bace,
1071 3203 1099 3245 ut
1116 3197 1253 3245 accedente

136 3261 208 3308 febre
218 3266 354 3323 aegrotare
367 3261 504 3324 coepisset.
516 3259 565 3315 Qui
576 3266 652 3322 rogat
665 3276 739 3315 suos,
753 3266 782 3307 ut
795 3275 854 3307 eum
866 3259 892 3306 in
905 3259 1042 3306 ecclesiam
1055 3261 1159 3308 ferrent.
1173 3259 1253 3307 Cum-

135 3339 185 3396 que
195 3323 257 3370 illuc
270 3321 368 3370 inlatus
380 3323 481 3378 fuisset,
491 3322 679 3370 conveniebant
686 3322 719 3368 ad
731 3337 790 3368 eum
795 3322 935 3369 multitudo
945 3322 1062 3369 virorum
1071 3339 1101 3369 ac
1114 3321 1254 3370 mulierum

135 3387 265 3448 simulque
278 3385 357 3432 etiam
364 3391 391 3433 et
398 3385 538 3432 infantium
551 3384 731 3446 plangentium
739 3390 815 3447 atque
828 3384 969 3432 dicentium
980 3399 985 3430 ι
996 3383 1067 3431 «Cur
1079 3401 1125 3432 nos
1138 3385 1251 3441 deseres,

134 3454 227 3511 pastor
236 3447 316 3503 bone,
329 3449 371 3495 vel
381 3448 422 3494 cui
433 3463 479 3494 nos
492 3447 567 3510 quasi
579 3446 711 3509 orphanos
721 3446 880 3510 derelinquis
889 3449 898 3493 ?
907 3446 1037 3508 Numquid
1046 3447 1095 3494 erit
1104 3445 1180 3494 nobis
1192 3453 1253 3509 post

93 3525 120 3563 45
134 3510 276 3558 transitum
286 3517 361 3558 tuum
373 3510 443 3557 vitai
454 3509 584 3572 Numquid
599 3508 648 3556 crit
662 3509 830 3572 postmodum
860 3509 887 3556 ui
900 3525 947 3556 nos
961 3509 1104 3572 sapientiae
1120 3509 1173 3556 sale
1190 3525 1252 3556 con-

135 3573 202 3629 diat,
215 3572 303 3620 autad
314 3572 437 3620 dominici
448 3572 561 3618 nominis
574 3571 695 3618 timorem
704 3571 783 3619 talem
796 3526 949 3636 prudentiae
958 3571 1058 3618 ratione
1070 3571 1212 3634 redarguat
1222 3575 1251 3618 l»

135 3636 204 3682 llaec
217 3641 241 3682 et
254 3635 295 3682 bis
314 3634 410 3681 similia
422 3634 528 3697 populis
545 3650 605 3681 cum
618 3650 714 3696 magno
734 3635 796 3680 fletu
816 3634 975 3690 dicentibus,
994 3633 1100 3681 taudem
1117 3633 1252 3692 sacerdos,

136 3698 238 3760 Spiritu
252 3697 280 3744 in
291 3713 318 3744 sc
329 3703 419 3744 sancto
429 3697 561 3754 influente,
575 3696 710 3759 respondit
724 3711 729 3743 :
744 3712 756 3742 (ι
769 3696 853 3743 Nolite
866 3695 970 3752 timere,
984 3713 999 3743 ο
1011 3696 1115 3759 populi,
1129 3711 1186 3744 cccc
1200 3697 1254 3744 fra-

135 3767 175 3807 ter
194 3775 266 3807 meus
283 3759 449 3823 Aprunculus
466 3759 545 3814 vivit,
564 3759 658 3821 etipse
674 3758 723 3806 erit
738 3758 860 3805 sacerdos
877 3764 971 3806 vester.
990 3773 1002 3805 ι)
1019 3758 1069 3814 Qui
1085 3774 1137 3806 uon
1155 3757 1254 3806 intelli-

93 3841 121 3878 5⁰
137 3829 242 3886 gentes,
255 3822 398 3886 putabant,
410 3838 469 3869 eum
481 3820 553 3884 loqui
571 3820 671 3885 aliquid
683 3820 710 3867 in
722 3821 813 3868 extasi.

167 3961 223 4018 Quo
234 3961 376 4025 migrante,
388 3961 518 4025 presbiter
528 3961 573 4009 ille
583 3977 708 4025 nequam,
722 3961 788 4008 alter
801 3961 940 4010 exduobus
953 3961 997 4024 qui
1009 3969 1182 4020 remanserat,
1197 3978 1256 4034 pro-

138 4025 206 4074 tinus
219 4040 323 4073 omnem
335 4025 486 4073 facultatem
501 4024 637 4082 ecclesiae,
656 4030 791 4086 tamquam
804 4024 826 4071 si
838 4023 891 4071 iam
904 4023 1042 4086 opiscopus
1057 4030 1138 4080 esset,
1149 4024 1253 4072 inhians

137 4087 293 4152 cupiditate,
302 4094 489 4160 praeoccupat,
503 4087 591 4133 dicens
606 4103 611 4134 :
625 4103 637 4133 ιι
646 4085 763 4134 Tandem
774 4103 815 4135 res
837 4087 888 4133 exit
898 4085 925 4134 in
940 4103 980 4133 mc
992 4087 1072 4143 Deus,
1084 4103 1251 4150 cognosceus,

136 4166 176 4200 me
185 4150 322 4198 iustiorem
338 4165 394 4197 esso
408 4149 514 4196 Sidonio
527 4149 702 4219 largilltusque
719 4155 759 4196 est
774 4103 917 4196 milhano
930 4154 1118 4212 potestatem.»
1137 4148 1251 4210 Cumque
1263 4142 1317 4191 Col.
1333 4145 1372 4192 75-

93 4223 121 4264 55
136 4219 276 4276 pertatem
290 4212 382 4260 urbem
397 4213 526 4275 superbus
549 4213 639 4267 fertur,
655 4211 807 4259 adveniente
825 4210 866 4258 die
880 4210 1024 4267 dominico,
1042 4211 1086 4274 qui
1099 4210 1252 4258 imminebat

136 4282 196 4340 post
208 4273 350 4323 transitum
365 4274 446 4323 sancti
462 4273 527 4330 viri,
545 4280 702 4337 praeparato
721 4274 811 4337 epulo,
828 4273 906 4321 iussit
923 4280 1029 4321 cunctos
1046 4273 1115 4322 cives
1132 4272 1158 4320 iu
1175 4272 1252 4320 domo

136 4338 260 4386 eeclesiae
271 4343 391 4395 invitari,
405 4335 580 4400 dispectisque
591 4336 737 4385 senioribus
745 4373 752 4394 ,
760 4335 861 4399 primus
875 4336 1004 4386 recumbit
1015 4335 1042 4384 in
1051 4341 1116 4385 toro.
1126 4335 1173 4384 Cui
1182 4333 1253 4384 obla·
