3256 5144
377 405 423 452 224
654 403 811 453 catceati
830 403 1038 454 rotonensis
1057 405 1206 455 EPlSCOPl

407 521 445 568 dl.
464 521 554 583 Legati
571 521 666 568 iterum
683 520 716 568 ab
735 519 862 584 Hispania
879 527 1018 577 venerunt,
1038 521 1184 572 deferentes
1206 539 1315 572 munera
1327 531 1353 572 et
1373 525 1500 588 placitum

376 581 606 646 accipientescum
623 583 772 646 chilperico
793 598 864 644 rege,
884 589 913 631 ut
936 583 1019 632 filium
1043 601 1118 632 suam
1137 587 1280 634 secundum
1302 587 1500 636 convenentiam

377 645 534 692 anteriorem
553 646 607 693 lilio
629 645 699 718 regis
720 645 880 693 Leuviehildi
904 646 1008 694 tradere
1029 647 1137 695 deberet
1154 648 1180 694 in
1194 650 1369 696 matrimonio.
1384 650 1500 723 Denique

376 707 436 756 dato
450 707 547 770 placito
566 713 591 754 et
602 723 690 756 omma
709 713 877 770 pertractata,
895 707 998 770 legatus
1015 709 1060 757 ille
1079 726 1200 758 reversus
1217 716 1265 758 est.
1284 711 1334 758 Sed
1351 712 1499 775 Chilpcrrco

376 769 431 832 regi
445 785 551 832 egresso
562 769 593 816 de
606 770 736 826 Parisius,
748 775 777 816 ut
789 769 815 816 in
828 786 897 833 pago
910 771 1057 818 Sessionico
1070 772 1216 828 accederet,
1228 789 1312 821 novus
1324 773 1410 820 luctus
1423 774 1525 824 adve·5

376 831 421 879 nit.
444 831 525 878 Filius
542 830 612 878 cuim
630 832 701 887 eius,
722 847 799 894 quem
819 848 887 879 anno
908 833 1042 895 superiore
1063 850 1137 881 sacro
1156 835 1316 898 baptismate
1337 837 1469 891 abluerat,
1485 853 1501 885 a

376 892 517 940 desintcria
529 900 674 956 correptus,
689 894 812 956 spiritum
825 894 944 941 exalavit.
963 895 1017 941 Hoc
1034 896 1103 942 enim
1117 897 1204 960 fulgor
1222 897 1275 954 ille,
1290 898 1358 960 quod
1378 898 1500 962 superius

376 971 406 1001 ex
418 955 486 1002 nube
496 954 630 1018 dilapsum
643 955 858 1010 memoravimus,
875 957 1007 1018 figurarit.
1024 957 1096 1004 Tune
1110 973 1169 1005 cum
1181 959 1300 1006 inmenso
1313 961 1373 1008 fletu
1387 960 1502 1022 regressi

377 1017 506 1072 Parisios,
522 1017 681 1082 sepelierunt
692 1033 811 1081 puerum,
824 1018 955 1066 mittentes
964 1025 1024 1082 post
1035 1020 1160 1082 legatum,
1168 1027 1197 1069 ut
1204 1028 1387 1078 reverteretur,
1402 1023 1503 1070 scilicet

378 1085 405 1127 ut
417 1079 543 1142 placitum
558 1080 627 1143 quod
641 1087 765 1143 posuerat
785 1081 970 1142 prolongaret,
987 1081 1089 1129 dicente
1106 1098 1167 1146 rege
1186 1099 1192 1130 ς
1212 1100 1223 1130 n
1242 1084 1306 1130 Ecce
1319 1085 1455 1148 planctum
1474 1084 1501 1131 in
1517 1088 1542 1127 to

376 1141 453 1188 domo
464 1143 588 1197 sustineo,
603 1148 628 1189 et
639 1142 752 1204 qualiter
762 1158 797 1188 nu
818 1142 868 1190 tias
879 1143 948 1189 filiae
961 1144 1116 1191 celebrabo?
1129 1161 1140 1192 a
1156 1145 1243 1192 Voluit
1258 1145 1327 1194 enim
1344 1153 1406 1193 tunc
1419 1146 1500 1195 aliam

377 1204 457 1251 filiam
469 1204 531 1251 illuc
548 1204 677 1266 dirigere,
694 1220 774 1267 quam
811 1221 823 1250 e
843 1204 980 1253 Audorera
996 1205 1122 1263 babebat,
1141 1213 1166 1253 et
1188 1223 1245 1254 eam
1264 1207 1291 1254 in
1312 1209 1502 1256 monasterium

377 1266 522 1313 Plataeensi
536 1273 668 1330 posuerat.
683 1266 733 1313 Sed
748 1267 795 1313 illa
807 1267 923 1322 distulit,
940 1267 1077 1315 resistente
1095 1269 1235 1341 praecipue
1248 1269 1325 1318 beata
1341 1270 1500 1333 Radegunde

376 1333 402 1374 et
411 1327 512 1376 dicente
526 1344 531 1375 :
547 1345 559 1375 a
573 1329 628 1376 Non
641 1334 681 1376 est
691 1327 759 1376 enim
772 1328 894 1391 dignum,
908 1335 937 1376 ut
946 1329 1035 1392 puella
1046 1329 1150 1378 Christo
1163 1331 1283 1380 dedicata
1296 1332 1391 1380 iterum
1401 1333 1428 1380 iu
1441 1349 1500 1380 saa-

376 1390 427 1438 euli
438 1390 619 1454 voluptatibus
635 1396 791 1438 revertatur.
805 1407 818 1437 o
1517 1399 1542 1436 15

423 1639 510 1704 XXV
530 1635 606 1724 (35).
633 1639 719 1701 Dum
740 1648 849 1700 autem
875 1638 957 1702 haec
978 1651 1170 1727 agerentur,
1195 1641 1392 1705 nuntiantur
1413 1642 1501 1731 regi-

377 1763 439 1804 nae
462 1763 615 1827 puerum,
637 1739 693 1827 qui
714 1751 864 1802 mortuus
891 1739 1013 1817 fuerat,
1036 1739 1208 1805 maleficiis
1234 1754 1267 1805 et
1299 1743 1500 1808 incantatio-

378 1840 476 1907 nibus
512 1841 613 1907 fuisse
641 1841 861 1917 subductum,
890 1839 1005 1929 ibique
1033 1842 1250 1906 Mummolum
1277 1845 1499 1930 praefectum,

377 1969 476 2033 quem
502 1945 567 2008 iam
597 1943 655 2007 diu
689 1943 803 2031 regina
836 1942 978 2008 invisum
1012 1944 1174 2024 habebat,
1210 1947 1382 2010 conscium
1413 1971 1499 2011 esse.

377 2046 474 2112 Unde
498 2046 708 2123 factumest,
732 2058 788 2122 ut,
819 2045 995 2134 aepulantc
1018 2070 1057 2110 eo
1082 2045 1117 2110 in
1140 2047 1240 2112 domo
1263 2071 1337 2124 sua,
1365 2049 1543 2137 quidamao

378 2147 419 2212 de
433 2146 549 2211 aulicis
566 2145 653 2236 regis
674 2170 813 2235 puerum
832 2147 992 2212 dilectum
1010 2147 1091 2226 sibi,
1113 2148 1169 2236 qui
1190 2173 1206 2213 a
1227 2149 1410 2214 desisteria
1428 2175 1504 2216 cor-

378 2262 492 2339 reptus
529 2249 653 2326 fuerat,
701 2247 908 2314 lamentaret.
951 2249 1013 2313 Cui
1056 2251 1245 2338 praelectus
1286 2252 1501 2339 respondit:

242 2375 296 2424 Cot.
311 2375 365 2423 ³1⁰.
379 2381 396 2415 n
421 2351 544 2418 Habitu
570 2350 651 2415 mihi
676 2352 781 2416 herba
799 2351 833 2415 iu
862 2363 1039 2441 prumptu‚
1068 2353 1110 2417 de
1133 2379 1197 2442 qua
1221 2357 1249 2420 si
1274 2354 1503 2446 disinterillcus

377 2455 521 2532 hauriat,
543 2453 728 2543 quamlibet
743 2454 940 2542 desperatus
958 2455 1012 2532 sit,
1035 2477 1111 2518 mox
1129 2468 1274 2520 sanatur.
1298 2483 1314 2517 a
1333 2456 1503 2521 Nuntiatis

378 2559 430 2623 his
450 2555 602 2648 reginae,
622 2555 745 2620 maiore
762 2556 873 2620 furore
891 2555 1116 2621 succenditur.
1141 2560 1271 2622 Interea
1296 2558 1503 2646 adpraehen·
1517 2584 1545 2622 ss

379 2661 424 2724 sis
442 2658 637 2724 mulieribus
657 2659 749 2723 urbis
768 2657 954 2723 Parisiaeae
976 2661 1153 2722 tormentis
1171 2660 1318 2750 adplicat
1332 2683 1369 2724 ac
1388 2662 1503 2726 verbe·

380 2760 470 2826 ribus
498 2762 589 2852 cogit
614 2761 722 2825 lacere
747 2783 832 2848 quae
859 2772 1030 2824 noverant.
1065 2760 1109 2824 At
1137 2760 1213 2825 illae
1238 2759 1442 2827 confitentur
1469 2787 1504 2827 se

379 2865 545 2930 maleficas
563 2888 654 2941 esse,
675 2875 708 2928 et
726 2863 848 2927 multos
872 2863 1073 2928 occumbere
1097 2863 1185 2928 lecto
1205 2889 1240 2928 se
1261 2863 1380 2929 fecisse
1400 2876 1503 2928 testa-

379 2979 431 3032 tae
449 2977 544 3045 sunt,
561 2965 724 3030 addentes
743 2963 826 3029 illud
849 2965 939 3054 qnod
956 2965 1047 3030 nulla
1069 2966 1199 3030 ratione
1226 2963 1318 3031 credi
1338 2964 1448 3054 patior
1466 2993 1472 3029 ι
1491 2967 1506 3057 Η

380 3069 546 3147 «Filium,
565 3068 669 3146 aiunt,
691 3080 797 3144 tuum,
817 3092 836 3131 ο
848 3067 976 3158 regina,
990 3092 1051 3157 pro
1069 3067 1242 3133 Mummoli
1260 3067 1419 3157 praelecti
1435 3067 1502 3133 vita
1517 3095 1544 3134 eo

379 3169 586 3236 donavimus.
602 3195 617 3230 n
630 3171 724 3234 Tunc
742 3167 869 3258 regina,
886 3167 1063 3233 tormentis
1083 3169 1293 3260 gravioribus
1306 3169 1502 3236 mulieribus

379 3272 535 3351 adiectis,
562 3270 643 3336 alias
668 3283 785 3361 negat,
817 3270 897 3334 alias
926 3271 1097 3350 incendit,
1128 3271 1208 3335 alias
1235 3270 1339 3352 rotis,
1368 3273 1503 3338 ossibus

379 3375 577 3452 confractis,
597 3372 750 3438 innectit.
777 3375 817 3437 Et
837 3371 1095 3461 sicConpendio
1117 3371 1228 3437 villam
1247 3395 1404 3437 unacum
1423 3395 1503 3463 rege

379 3478 534 3554 secessit,
562 3475 676 3564 ibique
701 3475 854 3539 universa
876 3472 946 3563 regi
977 3498 1062 3562 quae
1090 3475 1132 3539 de
1160 3475 1331 3563 praeieetu
1351 3473 1504 3539 audierat

378 3577 545 3644 revelavit.
570 3581 640 3644 Rex
662 3600 759 3655 vero,
783 3576 893 3640 missis
924 3575 1056 3664 pueris,
1091 3577 1189 3642 iussit
1214 3601 1289 3641 eum
1318 3576 1541 3658 arcessire3ss

378 3679 633 3769 discussumque
654 3680 780 3744 catenis
804 3691 921 3743 onerat
940 3691 974 3742 et
993 3678 1168 3767 suppliciis
1193 3679 1352 3743 subdunt.
1381 3679 1498 3763 Trebi,

377 3795 572 3874 postergum
616 3780 773 3847 revinctis
803 3783 971 3859 manibus,
1008 3781 1220 3869 adpenditur,
1256 3794 1289 3845 et
1317 3781 1381 3861 ibi,
1420 3782 1502 3869 quid

378 3885 533 3951 maleficii
555 3883 701 3964 noverit,
722 3882 964 3974 interrogatum
986 3885 1044 3948 sed
1069 3883 1149 3947 mihi
1172 3883 1214 3948 de
1232 3883 1284 3948 his
1301 3908 1385 3972 quae
1402 3907 1502 3971 supe·

378 3986 446 4053 rius
463 4011 683 4054 memoramus
702 3987 891 4051 confitetur.
916 3989 985 4050 Hoc
1002 3999 1114 4051 tamen
1132 3987 1289 4075 protulit,
1312 3985 1446 4075 saepius
1467 4013 1503 4055 se

378 4089 592 4157 inunctiones
614 4104 647 4156 et
666 4088 838 4178 potiones,
857 4113 941 4178 quae
963 4087 992 4153 ei
1018 4090 1107 4178 regis
1133 4088 1335 4179 reginaeque
1359 4091 1502 4180 gratiam
1516 4117 1544 4155 ao

378 4195 595 4283 praeberent,
614 4193 654 4258 ab
673 4189 725 4256 his
752 4189 948 4255 mulieribus
975 4189 1167 4279 suscipisse.
1195 4190 1376 4279 lle-positus
1398 4191 1504 4282 igitur
