<?xml version="1.0" encoding="UTF-8"?>
<!DOCTYPE html PUBLIC "-//W3C//DTD XHTML 1.0 Transitional//EN"
    "http://www.w3.org/TR/xhtml1/DTD/xhtml1-transitional.dtd">
<html xmlns="http://www.w3.org/1999/xhtml" xml:lang="en" lang="en">
 <head>
  <title>
</title>
<meta http-equiv="Content-Type" content="text/html;charset=utf-8" />
  <meta name='ocr-system' content='tesseract 3.04.00' />
  <meta name='ocr-capabilities' content='ocr_page ocr_carea ocr_par ocr_line ocrx_word'/>
</head>
<body>
  <div class='ocr_page' id='page_1' title='image "./grgoiredetoursh00greggoog_0290.png"; bbox 0 0 3256 5144; ppageno 0'>
   <div class='ocr_carea' id='block_1_1' title="bbox 356 405 1187 459">
    <p class='ocr_par' dir='ltr' id='par_1_1' title="bbox 356 405 1187 459">
     <span class='ocr_line' id='line_1_1' title="bbox 356 405 1187 459; baseline -0.004 -3"><span class='ocrx_word' id='word_1_1' title='bbox 356 410 401 456; x_wconf 77' lang='lat'><strong>228</strong></span> <span class='ocrx_word' id='word_1_2' title='bbox 638 408 796 459; x_wconf 81' lang='lat' dir='ltr'>GREGORII</span> <span class='ocrx_word' id='word_1_3' title='bbox 813 405 1020 457; x_wconf 80' lang='lat' dir='ltr'><strong>TURONENSlS</strong></span> <span class='ocrx_word' id='word_1_4' title='bbox 1037 405 1187 454; x_wconf 73' lang='lat' dir='ltr'><strong>episcopi</strong></span> 
     </span>
    </p>
   </div>
   <div class='ocr_carea' id='block_1_2' title="bbox 336 521 1604 3592">
    <p class='ocr_par' dir='ltr' id='par_1_2' title="bbox 336 521 1604 3592">
     <span class='ocr_line' id='line_1_2' title="bbox 356 521 1475 613; baseline -0.002 -24"><span class='ocrx_word' id='word_1_5' title='bbox 356 524 484 605; x_wconf 89' lang='lat' dir='ltr'><strong>credis,</strong></span> <span class='ocrx_word' id='word_1_6' title='bbox 504 548 589 613; x_wconf 86' lang='lat' dir='ltr'><strong>quae</strong></span> <span class='ocrx_word' id='word_1_7' title='bbox 604 523 735 589; x_wconf 90' lang='lat' dir='ltr'><strong>obstitit</strong></span> <span class='ocrx_word' id='word_1_8' title='bbox 752 549 866 604; x_wconf 88' lang='lat' dir='ltr'><strong>causa,</strong></span> <span class='ocrx_word' id='word_1_9' title='bbox 885 537 922 588; x_wconf 94' lang='lat' dir='ltr'><strong>ut</strong></span> <span class='ocrx_word' id='word_1_10' title='bbox 940 524 982 588; x_wconf 91' lang='lat' dir='ltr'><strong>de</strong></span> <span class='ocrx_word' id='word_1_11' title='bbox 998 521 1188 603; x_wconf 86' lang='lat' dir='ltr'><strong>sacrificiis,</strong></span> <span class='ocrx_word' id='word_1_12' title='bbox 1202 546 1287 612; x_wconf 91' lang='lat' dir='ltr'><strong>quae</strong></span> <span class='ocrx_word' id='word_1_13' title='bbox 1305 523 1377 586; x_wconf 90' lang='lat' dir='ltr'><strong>Deo</strong></span> <span class='ocrx_word' id='word_1_14' title='bbox 1392 521 1475 587; x_wconf 85' lang='lat' dir='ltr'><strong>offe·</strong></span> 
     </span>
     <span class='ocr_line' id='line_1_3' title="bbox 356 623 1472 712; baseline -0.001 -23"><span class='ocrx_word' id='word_1_15' title='bbox 356 627 475 705; x_wconf 87' lang='lat' dir='ltr'><strong>rimus,</strong></span> <span class='ocrx_word' id='word_1_16' title='bbox 498 625 743 691; x_wconf 83' lang='lat' dir='ltr'><strong>communicare</strong></span> <span class='ocrx_word' id='word_1_17' title='bbox 759 627 927 691; x_wconf 81' lang='lat' dir='ltr'><strong>deferres?</strong></span> <span class='ocrx_word' id='word_1_18' title='bbox 948 653 965 688; x_wconf 84' lang='lat' dir='ltr'><strong>u</strong></span> <span class='ocrx_word' id='word_1_19' title='bbox 990 628 1032 690; x_wconf 89' lang='lat' dir='ltr'><strong>Et</strong></span> <span class='ocrx_word' id='word_1_20' title='bbox 1050 625 1108 690; x_wconf 88' lang='lat' dir='ltr'><strong>ille</strong></span> <span class='ocrx_word' id='word_1_21' title='bbox 1139 650 1145 689; x_wconf 93' lang='lat'>:</span> <span class='ocrx_word' id='word_1_22' title='bbox 1174 650 1190 687; x_wconf 87' lang='lat'><strong>&lt;‹</strong></span> <span class='ocrx_word' id='word_1_23' title='bbox 1212 623 1315 708; x_wconf 87' lang='lat' dir='ltr'><strong>Quia,</strong></span> <span class='ocrx_word' id='word_1_24' title='bbox 1336 623 1472 712; x_wconf 90' lang='lat' dir='ltr'><strong>inquid,</strong></span> 
     </span>
     <span class='ocr_line' id='line_1_4' title="bbox 352 726 1474 817; baseline -0.002 -25"><span class='ocrx_word' id='word_1_25' title='bbox 352 728 493 816; x_wconf 82' lang='lat' dir='ltr'>gloriam</span> <span class='ocrx_word' id='word_1_26' title='bbox 509 753 576 793; x_wconf 86' lang='lat' dir='ltr'><strong>non</strong></span> <span class='ocrx_word' id='word_1_27' title='bbox 591 741 681 793; x_wconf 90' lang='lat' dir='ltr'><strong>recte</strong></span> <span class='ocrx_word' id='word_1_28' title='bbox 697 728 925 817; x_wconf 88' lang='lat' dir='ltr'><strong>respondetis;</strong></span> <span class='ocrx_word' id='word_1_29' title='bbox 941 753 1016 794; x_wconf 91' lang='lat' dir='ltr'><strong>nam</strong></span> <span class='ocrx_word' id='word_1_30' title='bbox 1030 729 1120 794; x_wconf 85' lang='lat' dir='ltr'><strong>iuxta</strong></span> <span class='ocrx_word' id='word_1_31' title='bbox 1133 727 1270 794; x_wconf 90' lang='lat' dir='ltr'><strong>Paulum</strong></span> <span class='ocrx_word' id='word_1_32' title='bbox 1286 726 1474 816; x_wconf 88' lang='lat' dir='ltr'><strong>apostolum</strong></span> 
     </span>
     <span class='ocr_line' id='line_1_5' title="bbox 354 828 1474 910; baseline -0.001 -16"><span class='ocrx_word' id='word_1_33' title='bbox 354 855 414 894; x_wconf 91' lang='lat' dir='ltr'><strong>nos</strong></span> <span class='ocrx_word' id='word_1_34' title='bbox 429 829 570 895; x_wconf 82' lang='lat' dir='ltr'><strong>dicimus</strong></span> <span class='ocrx_word' id='word_1_35' title='bbox 590 857 596 894; x_wconf 79' lang='lat' dir='ltr'><em>z</em></span> <span class='ocrx_word' id='word_1_36' title='bbox 612 831 755 896; x_wconf 82' lang='lat' dir='ltr'><strong>«Gloria</strong></span> <span class='ocrx_word' id='word_1_37' title='bbox 770 834 841 896; x_wconf 93' lang='lat' dir='ltr'><strong>Deo</strong></span> <span class='ocrx_word' id='word_1_38' title='bbox 855 832 945 897; x_wconf 87' lang='lat' dir='ltr'><strong>Patri</strong></span> <span class='ocrx_word' id='word_1_39' title='bbox 961 845 994 895; x_wconf 91' lang='lat' dir='ltr'><strong>et</strong></span> <span class='ocrx_word' id='word_1_40' title='bbox 1008 831 1148 910; x_wconf 86' lang='lat' dir='ltr'><strong>Filium;</strong></span> <span class='ocrx_word' id='word_1_41' title='bbox 1164 857 1179 892; x_wconf 83' lang='lat' dir='ltr'><strong>u</strong></span> <span class='ocrx_word' id='word_1_42' title='bbox 1192 854 1251 894; x_wconf 91' lang='lat' dir='ltr'><strong>vos</strong></span> <span class='ocrx_word' id='word_1_43' title='bbox 1264 842 1373 894; x_wconf 88' lang='lat' dir='ltr'><strong>autem</strong></span> <span class='ocrx_word' id='word_1_44' title='bbox 1388 828 1474 893; x_wconf 89' lang='lat' dir='ltr'><strong>dici·</strong></span> 
     </span>
     <span class='ocr_line' id='line_1_6' title="bbox 351 930 1515 1023; baseline -0.001 -27"><span class='ocrx_word' id='word_1_45' title='bbox 351 931 420 997; x_wconf 89' lang='lat' dir='ltr'><strong>tis:</strong></span> <span class='ocrx_word' id='word_1_46' title='bbox 445 959 462 994; x_wconf 88' lang='lat'>«</span> <span class='ocrx_word' id='word_1_47' title='bbox 483 933 598 999; x_wconf 83' lang='lat' dir='ltr'>Gloria</span> <span class='ocrx_word' id='word_1_48' title='bbox 615 932 705 998; x_wconf 84' lang='lat' dir='ltr'><strong>Patri</strong></span> <span class='ocrx_word' id='word_1_49' title='bbox 730 946 763 997; x_wconf 90' lang='lat' dir='ltr'><strong>et</strong></span> <span class='ocrx_word' id='word_1_50' title='bbox 781 932 866 998; x_wconf 91' lang='lat' dir='ltr'><strong>Filio</strong></span> <span class='ocrx_word' id='word_1_51' title='bbox 886 945 920 998; x_wconf 93' lang='lat' dir='ltr'><strong>et</strong></span> <span class='ocrx_word' id='word_1_52' title='bbox 943 930 1083 1023; x_wconf 88' lang='lat' dir='ltr'><strong>Spiritui</strong></span> <span class='ocrx_word' id='word_1_53' title='bbox 1104 944 1236 1011; x_wconf 88' lang='lat' dir='ltr'><strong>sancto,</strong></span> <span class='ocrx_word' id='word_1_54' title='bbox 1262 957 1279 993; x_wconf 83' lang='lat' dir='ltr'><strong>n</strong></span> <span class='ocrx_word' id='word_1_55' title='bbox 1299 955 1373 996; x_wconf 90' lang='lat' dir='ltr'><strong>cum</strong></span> <span class='ocrx_word' id='word_1_56' title='bbox 1391 931 1473 995; x_wconf 90' lang='lat' dir='ltr'><strong>doc·</strong></span> <span class='ocrx_word' id='word_1_57' title='bbox 1502 958 1515 995; x_wconf 77' lang='lat' dir='ltr'><strong>a</strong></span> 
     </span>
     <span class='ocr_line' id='line_1_7' title="bbox 351 1033 1472 1124; baseline -0.001 -25"><span class='ocrx_word' id='word_1_58' title='bbox 351 1047 440 1100; x_wconf 91' lang='lat' dir='ltr'><strong>tores</strong></span> <span class='ocrx_word' id='word_1_59' title='bbox 475 1033 671 1099; x_wconf 85' lang='lat' dir='ltr'><strong>eclesiarum</strong></span> <span class='ocrx_word' id='word_1_60' title='bbox 700 1034 844 1099; x_wconf 83' lang='lat' dir='ltr'>doceant</span> <span class='ocrx_word' id='word_1_61' title='bbox 875 1038 1006 1101; x_wconf 90' lang='lat' dir='ltr'><strong>Patrem</strong></span> <span class='ocrx_word' id='word_1_62' title='bbox 1039 1059 1100 1124; x_wconf 90' lang='lat' dir='ltr'><strong>per</strong></span> <span class='ocrx_word' id='word_1_63' title='bbox 1130 1034 1252 1100; x_wconf 86' lang='lat' dir='ltr'><strong>Filium</strong></span> <span class='ocrx_word' id='word_1_64' title='bbox 1281 1034 1472 1098; x_wconf 87' lang='lat' dir='ltr'><strong>nuntiatum</strong></span> 
     </span>
     <span class='ocr_line' id='line_1_8' title="bbox 349 1137 1471 1226; baseline -0.001 -26"><span class='ocrx_word' id='word_1_65' title='bbox 349 1137 450 1202; x_wconf 82' lang='lat' dir='ltr'><strong>luisse</strong></span> <span class='ocrx_word' id='word_1_66' title='bbox 470 1137 505 1202; x_wconf 91' lang='lat' dir='ltr'><strong>in</strong></span> <span class='ocrx_word' id='word_1_67' title='bbox 527 1138 698 1219; x_wconf 93' lang='lat' dir='ltr'><strong>mundum,</strong></span> <span class='ocrx_word' id='word_1_68' title='bbox 719 1139 893 1226; x_wconf 87' lang='lat' dir='ltr'><strong>sicutipse</strong></span> <span class='ocrx_word' id='word_1_69' title='bbox 910 1138 1031 1205; x_wconf 89' lang='lat' dir='ltr'><strong>Paulus</strong></span> <span class='ocrx_word' id='word_1_70' title='bbox 1049 1139 1094 1201; x_wconf 90' lang='lat' dir='ltr'><strong>ait</strong></span> <span class='ocrx_word' id='word_1_71' title='bbox 1112 1163 1118 1200; x_wconf 89' lang='lat'><strong>:</strong></span> <span class='ocrx_word' id='word_1_72' title='bbox 1136 1140 1218 1226; x_wconf 83' lang='lat' dir='ltr'><strong>Regi</strong></span> <span class='ocrx_word' id='word_1_73' title='bbox 1229 1151 1337 1200; x_wconf 86' lang='lat' dir='ltr'><strong>autem</strong></span> <span class='ocrx_word' id='word_1_74' title='bbox 1354 1161 1471 1200; x_wconf 84' lang='lat' dir='ltr'><strong>saecu-</strong></span> 
     </span>
     <span class='ocr_line' id='line_1_9' title="bbox 348 1239 1471 1328; baseline -0.001 -26"><span class='ocrx_word' id='word_1_75' title='bbox 348 1239 453 1304; x_wconf 83' lang='lat' dir='ltr'><strong>lorum</strong></span> <span class='ocrx_word' id='word_1_76' title='bbox 482 1241 671 1304; x_wconf 84' lang='lat' dir='ltr'><strong>inmortali¹</strong></span> <span class='ocrx_word' id='word_1_77' title='bbox 699 1255 729 1304; x_wconf 88' lang='lat' dir='ltr'><strong>et</strong></span> <span class='ocrx_word' id='word_1_78' title='bbox 749 1243 925 1320; x_wconf 78' lang='lat' dir='ltr'><strong>invisibile,</strong></span> <span class='ocrx_word' id='word_1_79' title='bbox 949 1241 1013 1305; x_wconf 84' lang='lat' dir='ltr'><strong>soli</strong></span> <span class='ocrx_word' id='word_1_80' title='bbox 1034 1243 1103 1306; x_wconf 87' lang='lat' dir='ltr'><strong>Deo</strong></span> <span class='ocrx_word' id='word_1_81' title='bbox 1128 1241 1232 1304; x_wconf 78' lang='lat' dir='ltr'><strong>donor</strong></span> <span class='ocrx_word' id='word_1_82' title='bbox 1252 1254 1282 1302; x_wconf 90' lang='lat' dir='ltr'><strong>et</strong></span> <span class='ocrx_word' id='word_1_83' title='bbox 1300 1239 1412 1328; x_wconf 81' lang='lat' dir='ltr'><strong>gloria</strong></span> <span class='ocrx_word' id='word_1_84' title='bbox 1438 1244 1471 1302; x_wconf 82' lang='lat' dir='ltr'><strong>iu</strong></span> 
     </span>
     <span class='ocr_line' id='line_1_10' title="bbox 345 1343 1470 1432; baseline -0.001 -26"><span class='ocrx_word' id='word_1_85' title='bbox 345 1343 481 1407; x_wconf 83' lang='lat' dir='ltr'><strong>saeculo</strong></span> <span class='ocrx_word' id='word_1_86' title='bbox 514 1344 739 1421; x_wconf 71' lang='lat' dir='ltr'><strong>sacrariorum,</strong></span> <span class='ocrx_word' id='word_1_87' title='bbox 771 1369 833 1432; x_wconf 78' lang='lat' dir='ltr'><strong>per</strong></span> <span class='ocrx_word' id='word_1_88' title='bbox 866 1345 974 1408; x_wconf 85' lang='lat' dir='ltr'><strong>Iesum</strong></span> <span class='ocrx_word' id='word_1_89' title='bbox 1010 1343 1175 1407; x_wconf 79' lang='lat' dir='ltr'><strong>Christum</strong></span> <span class='ocrx_word' id='word_1_90' title='bbox 1205 1345 1371 1406; x_wconf 79' lang='lat' dir='ltr'><strong>dorninom</strong></span> <span class='ocrx_word' id='word_1_91' title='bbox 1397 1366 1470 1405; x_wconf 85' lang='lat' dir='ltr'><strong>nos-</strong></span> 
     </span>
     <span class='ocr_line' id='line_1_11' title="bbox 344 1443 1512 1536; baseline 0 -28"><span class='ocrx_word' id='word_1_92' title='bbox 344 1459 432 1509; x_wconf 82' lang='lat' dir='ltr'><strong>trum</strong></span> <span class='ocrx_word' id='word_1_93' title='bbox 445 1445 469 1508; x_wconf 67' lang='lat'><strong>2.</strong></span> <span class='ocrx_word' id='word_1_94' title='bbox 494 1472 511 1508; x_wconf 75' lang='lat' dir='ltr'><strong>&gt;i</strong></span> <span class='ocrx_word' id='word_1_95' title='bbox 533 1448 575 1510; x_wconf 90' lang='lat' dir='ltr'><strong>Et</strong></span> <span class='ocrx_word' id='word_1_96' title='bbox 591 1470 653 1536; x_wconf 85' lang='lat' dir='ltr'><strong>ego</strong></span> <span class='ocrx_word' id='word_1_97' title='bbox 675 1446 836 1534; x_wconf 86' lang='lat' dir='ltr'><strong>respondi</strong></span> <span class='ocrx_word' id='word_1_98' title='bbox 859 1471 865 1508; x_wconf 93' lang='lat'>:</span> <span class='ocrx_word' id='word_1_99' title='bbox 890 1472 906 1506; x_wconf 79' lang='lat' dir='ltr'><strong>o</strong></span> <span class='ocrx_word' id='word_1_100' title='bbox 928 1447 1059 1510; x_wconf 88' lang='lat' dir='ltr'><strong>Patrem</strong></span> <span class='ocrx_word' id='word_1_101' title='bbox 1078 1470 1138 1535; x_wconf 90' lang='lat' dir='ltr'><strong>per</strong></span> <span class='ocrx_word' id='word_1_102' title='bbox 1157 1443 1278 1510; x_wconf 89' lang='lat' dir='ltr'><strong>Filium</strong></span> <span class='ocrx_word' id='word_1_103' title='bbox 1295 1444 1469 1508; x_wconf 87' lang='lat' dir='ltr'><strong>adnuntia·</strong></span> <span class='ocrx_word' id='word_1_104' title='bbox 1487 1469 1512 1508; x_wconf 79' lang='lat' dir='ltr'><strong>io</strong></span> 
     </span>
     <span class='ocr_line' id='line_1_12' title="bbox 343 1547 1468 1638; baseline -0.001 -28"><span class='ocrx_word' id='word_1_105' title='bbox 343 1559 413 1611; x_wconf 89' lang='lat' dir='ltr'><strong>tum</strong></span> <span class='ocrx_word' id='word_1_106' title='bbox 428 1547 511 1612; x_wconf 93' lang='lat' dir='ltr'><strong>nulli</strong></span> <span class='ocrx_word' id='word_1_107' title='bbox 529 1547 769 1612; x_wconf 89' lang='lat' dir='ltr'><strong>catholicorum</strong></span> <span class='ocrx_word' id='word_1_108' title='bbox 787 1573 861 1613; x_wconf 93' lang='lat' dir='ltr'><strong>esse</strong></span> <span class='ocrx_word' id='word_1_109' title='bbox 876 1549 1103 1638; x_wconf 83' lang='lat' dir='ltr'><strong>incognitum,</strong></span> <span class='ocrx_word' id='word_1_110' title='bbox 1126 1572 1217 1625; x_wconf 75' lang='lat' dir='ltr'><strong>reor,</strong></span> <span class='ocrx_word' id='word_1_111' title='bbox 1239 1547 1298 1612; x_wconf 92' lang='lat' dir='ltr'><strong>sed</strong></span> <span class='ocrx_word' id='word_1_112' title='bbox 1315 1547 1362 1610; x_wconf 92' lang='lat' dir='ltr'><strong>sic</strong></span> <span class='ocrx_word' id='word_1_113' title='bbox 1375 1570 1468 1635; x_wconf 91' lang='lat' dir='ltr'><strong>prae-</strong></span> 
     </span>
     <span class='ocr_line' id='line_1_13' title="bbox 342 1649 1467 1730; baseline 0.001 -18"><span class='ocrx_word' id='word_1_114' title='bbox 342 1649 464 1714; x_wconf 87' lang='lat' dir='ltr'><strong>dicavit</strong></span> <span class='ocrx_word' id='word_1_115' title='bbox 489 1654 621 1716; x_wconf 90' lang='lat' dir='ltr'><strong>Patrem</strong></span> <span class='ocrx_word' id='word_1_116' title='bbox 646 1649 681 1714; x_wconf 92' lang='lat' dir='ltr'><strong>in</strong></span> <span class='ocrx_word' id='word_1_117' title='bbox 711 1651 860 1730; x_wconf 87' lang='lat' dir='ltr'><strong>sacculo,</strong></span> <span class='ocrx_word' id='word_1_118' title='bbox 889 1664 926 1714; x_wconf 94' lang='lat' dir='ltr'><strong>ut</strong></span> <span class='ocrx_word' id='word_1_119' title='bbox 956 1663 1044 1715; x_wconf 91' lang='lat' dir='ltr'><strong>etse</strong></span> <span class='ocrx_word' id='word_1_120' title='bbox 1070 1650 1249 1715; x_wconf 87' lang='lat' dir='ltr'><strong>virtutibus</strong></span> <span class='ocrx_word' id='word_1_121' title='bbox 1273 1650 1467 1714; x_wconf 79' lang='lat' dir='ltr'><strong>ostenderet</strong></span> 
     </span>
     <span class='ocr_line' id='line_1_14' title="bbox 341 1751 1466 1819; baseline -0.002 -3"><span class='ocrx_word' id='word_1_122' title='bbox 341 1754 459 1817; x_wconf 90' lang='lat' dir='ltr'><strong>Deum.</strong></span> <span class='ocrx_word' id='word_1_123' title='bbox 489 1757 560 1818; x_wconf 93' lang='lat' dir='ltr'><strong>Deo</strong></span> <span class='ocrx_word' id='word_1_124' title='bbox 584 1766 692 1817; x_wconf 87' lang='lat' dir='ltr'><strong>autem</strong></span> <span class='ocrx_word' id='word_1_125' title='bbox 716 1753 804 1819; x_wconf 82' lang='lat' dir='ltr'><strong>Patri</strong></span> <span class='ocrx_word' id='word_1_126' title='bbox 826 1755 1007 1818; x_wconf 82' lang='lat' dir='ltr'><strong>necessitas</strong></span> <span class='ocrx_word' id='word_1_127' title='bbox 1027 1753 1086 1817; x_wconf 89' lang='lat' dir='ltr'><strong>fuit</strong></span> <span class='ocrx_word' id='word_1_128' title='bbox 1104 1754 1224 1817; x_wconf 90' lang='lat' dir='ltr'><strong>Filium</strong></span> <span class='ocrx_word' id='word_1_129' title='bbox 1250 1751 1406 1816; x_wconf 90' lang='lat' dir='ltr'><strong>mittendi</strong></span> <span class='ocrx_word' id='word_1_130' title='bbox 1427 1751 1466 1814; x_wconf 88' lang='lat' dir='ltr'><strong>ad</strong></span> 
     </span>
     <span class='ocr_line' id='line_1_15' title="bbox 340 1855 1470 1944; baseline 0.001 -26"><span class='ocrx_word' id='word_1_131' title='bbox 340 1867 463 1934; x_wconf 87' lang='lat' dir='ltr'><strong>terras,</strong></span> <span class='ocrx_word' id='word_1_132' title='bbox 481 1869 517 1919; x_wconf 92' lang='lat' dir='ltr'><strong>ut</strong></span> <span class='ocrx_word' id='word_1_133' title='bbox 534 1857 728 1920; x_wconf 89' lang='lat' dir='ltr'><strong>ostenderet</strong></span> <span class='ocrx_word' id='word_1_134' title='bbox 744 1859 868 1934; x_wconf 82' lang='lat' dir='ltr'><strong>Deum3</strong></span> <span class='ocrx_word' id='word_1_135' title='bbox 891 1870 943 1934; x_wconf 89' lang='lat' dir='ltr'><strong>ut,</strong></span> <span class='ocrx_word' id='word_1_136' title='bbox 968 1857 1046 1944; x_wconf 88' lang='lat' dir='ltr'><strong>quia</strong></span> <span class='ocrx_word' id='word_1_137' title='bbox 1067 1856 1209 1920; x_wconf 88' lang='lat' dir='ltr'><strong>mundus</strong></span> <span class='ocrx_word' id='word_1_138' title='bbox 1238 1855 1414 1944; x_wconf 90' lang='lat' dir='ltr'><strong>prophetis</strong></span> <span class='ocrx_word' id='word_1_139' title='bbox 1436 1867 1470 1919; x_wconf 89' lang='lat' dir='ltr'><strong>et</strong></span> 
     </span>
     <span class='ocr_line' id='line_1_16' title="bbox 340 1956 1509 2049; baseline 0.001 -29"><span class='ocrx_word' id='word_1_140' title='bbox 340 1956 538 2045; x_wconf 87' lang='lat' dir='ltr'><strong>patriarchis</strong></span> <span class='ocrx_word' id='word_1_141' title='bbox 559 1971 657 2045; x_wconf 88' lang='lat' dir='ltr'><strong>atquc</strong></span> <span class='ocrx_word' id='word_1_142' title='bbox 684 1957 750 2045; x_wconf 87' lang='lat' dir='ltr'><strong>ipsi</strong></span> <span class='ocrx_word' id='word_1_143' title='bbox 774 1960 885 2022; x_wconf 88' lang='lat' dir='ltr'><strong>Latori</strong></span> <span class='ocrx_word' id='word_1_144' title='bbox 909 1958 992 2049; x_wconf 84' lang='lat' dir='ltr'><strong>legis</strong></span> <span class='ocrx_word' id='word_1_145' title='bbox 1024 1984 1091 2023; x_wconf 89' lang='lat' dir='ltr'><strong>non</strong></span> <span class='ocrx_word' id='word_1_146' title='bbox 1119 1958 1326 2036; x_wconf 84' lang='lat' dir='ltr'><strong>crediderat,</strong></span> <span class='ocrx_word' id='word_1_147' title='bbox 1357 1957 1466 2020; x_wconf 87' lang='lat' dir='ltr'><strong>saltim</strong></span> <span class='ocrx_word' id='word_1_148' title='bbox 1484 1983 1509 2021; x_wconf 78' lang='lat'><strong>15</strong></span> 
     </span>
     <span class='ocr_line' id='line_1_17' title="bbox 338 2058 1466 2150; baseline 0.001 -27"><span class='ocrx_word' id='word_1_149' title='bbox 338 2059 389 2123; x_wconf 93' lang='lat' dir='ltr'><strong>vel</strong></span> <span class='ocrx_word' id='word_1_150' title='bbox 408 2058 493 2125; x_wconf 92' lang='lat' dir='ltr'><strong>Filio</strong></span> <span class='ocrx_word' id='word_1_151' title='bbox 513 2059 675 2124; x_wconf 89' lang='lat' dir='ltr'><strong>crederet.</strong></span> <span class='ocrx_word' id='word_1_152' title='bbox 705 2060 852 2149; x_wconf 85' lang='lat' dir='ltr'><strong>Ideoque</strong></span> <span class='ocrx_word' id='word_1_153' title='bbox 872 2085 1009 2126; x_wconf 89' lang='lat' dir='ltr'><strong>necesse</strong></span> <span class='ocrx_word' id='word_1_154' title='bbox 1032 2075 1100 2140; x_wconf 91' lang='lat' dir='ltr'><strong>est,</strong></span> <span class='ocrx_word' id='word_1_155' title='bbox 1134 2075 1169 2127; x_wconf 91' lang='lat' dir='ltr'><strong>ut</strong></span> <span class='ocrx_word' id='word_1_156' title='bbox 1193 2062 1254 2125; x_wconf 91' lang='lat' dir='ltr'><strong>sub</strong></span> <span class='ocrx_word' id='word_1_157' title='bbox 1276 2059 1466 2150; x_wconf 84' lang='lat' dir='ltr'><strong>signatione</strong></span> 
     </span>
     <span class='ocr_line' id='line_1_18' title="bbox 338 2158 1464 2255; baseline 0.001 -30"><span class='ocrx_word' id='word_1_158' title='bbox 338 2158 568 2248; x_wconf 74' lang='lat' dir='ltr'><strong>personallrum</strong></span> <span class='ocrx_word' id='word_1_159' title='bbox 587 2161 694 2252; x_wconf 83' lang='lat' dir='ltr'><strong>gloria</strong></span> <span class='ocrx_word' id='word_1_160' title='bbox 708 2162 806 2227; x_wconf 89' lang='lat' dir='ltr'><strong>detur</strong></span> <span class='ocrx_word' id='word_1_161' title='bbox 826 2167 909 2228; x_wconf 56' lang='lat' dir='ltr'><strong>Deo,</strong></span> <span class='ocrx_word' id='word_1_162' title='bbox 929 2163 1079 2228; x_wconf 87' lang='lat' dir='ltr'><strong>Dicimus</strong></span> <span class='ocrx_word' id='word_1_163' title='bbox 1098 2191 1178 2255; x_wconf 84' lang='lat' dir='ltr'><strong>crgo</strong></span> <span class='ocrx_word' id='word_1_164' title='bbox 1198 2192 1203 2228; x_wconf 91' lang='lat'>:</span> <span class='ocrx_word' id='word_1_165' title='bbox 1224 2191 1239 2226; x_wconf 79' lang='lat' dir='ltr'><strong>o</strong></span> <span class='ocrx_word' id='word_1_166' title='bbox 1261 2161 1375 2229; x_wconf 88' lang='lat' dir='ltr'><strong>Gloria</strong></span> <span class='ocrx_word' id='word_1_167' title='bbox 1390 2166 1464 2227; x_wconf 92' lang='lat' dir='ltr'><strong>Deo</strong></span> 
     </span>
     <span class='ocr_line' id='line_1_19' title="bbox 338 2265 1463 2356; baseline -0.002 -27"><span class='ocrx_word' id='word_1_168' title='bbox 338 2265 445 2345; x_wconf 87' lang='lat' dir='ltr'><strong>Patri,</strong></span> <span class='ocrx_word' id='word_1_169' title='bbox 492 2265 548 2354; x_wconf 91' lang='lat' dir='ltr'><strong>qui</strong></span> <span class='ocrx_word' id='word_1_170' title='bbox 591 2265 680 2329; x_wconf 87' lang='lat' dir='ltr'><strong>misit</strong></span> <span class='ocrx_word' id='word_1_171' title='bbox 719 2265 856 2345; x_wconf 88' lang='lat' dir='ltr'><strong>Filium;</strong></span> <span class='ocrx_word' id='word_1_172' title='bbox 894 2267 1001 2356; x_wconf 85' lang='lat' dir='ltr'><strong>gloria</strong></span> <span class='ocrx_word' id='word_1_173' title='bbox 1037 2270 1108 2332; x_wconf 91' lang='lat' dir='ltr'><strong>Deo</strong></span> <span class='ocrx_word' id='word_1_174' title='bbox 1143 2267 1246 2347; x_wconf 89' lang='lat' dir='ltr'><strong>Filio,</strong></span> <span class='ocrx_word' id='word_1_175' title='bbox 1284 2267 1341 2356; x_wconf 91' lang='lat' dir='ltr'><strong>qui</strong></span> <span class='ocrx_word' id='word_1_176' title='bbox 1385 2288 1463 2328; x_wconf 87' lang='lat' dir='ltr'><strong>san·</strong></span> 
     </span>
     <span class='ocr_line' id='line_1_20' title="bbox 336 2366 1464 2460; baseline 0 -30"><span class='ocrx_word' id='word_1_177' title='bbox 336 2366 438 2458; x_wconf 90' lang='lat' dir='ltr'><strong>guine</strong></span> <span class='ocrx_word' id='word_1_178' title='bbox 453 2392 512 2432; x_wconf 90' lang='lat' dir='ltr'><strong>suo</strong></span> <span class='ocrx_word' id='word_1_179' title='bbox 532 2367 676 2433; x_wconf 87' lang='lat' dir='ltr'><strong>redemit</strong></span> <span class='ocrx_word' id='word_1_180' title='bbox 691 2367 867 2457; x_wconf 51' lang='lat' dir='ltr'><strong>mundum}</strong></span> <span class='ocrx_word' id='word_1_181' title='bbox 887 2370 994 2460; x_wconf 85' lang='lat' dir='ltr'><strong>gloria</strong></span> <span class='ocrx_word' id='word_1_182' title='bbox 1010 2375 1081 2436; x_wconf 87' lang='lat' dir='ltr'><strong>Deo</strong></span> <span class='ocrx_word' id='word_1_183' title='bbox 1103 2370 1243 2460; x_wconf 89' lang='lat' dir='ltr'><strong>Spiritui</strong></span> <span class='ocrx_word' id='word_1_184' title='bbox 1260 2381 1385 2447; x_wconf 87' lang='lat' dir='ltr'><strong>sancto,</strong></span> <span class='ocrx_word' id='word_1_185' title='bbox 1406 2366 1464 2455; x_wconf 91' lang='lat' dir='ltr'><strong>qui</strong></span> 
     </span>
     <span class='ocr_line' id='line_1_21' title="bbox 338 2469 1504 2562; baseline 0 -28"><span class='ocrx_word' id='word_1_186' title='bbox 338 2470 524 2535; x_wconf 88' lang='lat' dir='ltr'><strong>sanctificat</strong></span> <span class='ocrx_word' id='word_1_187' title='bbox 546 2471 716 2536; x_wconf 90' lang='lat' dir='ltr'><strong>hominem</strong></span> <span class='ocrx_word' id='word_1_188' title='bbox 735 2471 799 2535; x_wconf 90' lang='lat' dir='ltr'><strong>iam</strong></span> <span class='ocrx_word' id='word_1_189' title='bbox 816 2472 1037 2562; x_wconf 87' lang='lat' dir='ltr'><strong>redemptum.</strong></span> <span class='ocrx_word' id='word_1_190' title='bbox 1059 2501 1075 2535; x_wconf 80' lang='lat' dir='ltr'><strong>n</strong></span> <span class='ocrx_word' id='word_1_191' title='bbox 1098 2477 1180 2540; x_wconf 87' lang='lat' dir='ltr'><strong>Nam</strong></span> <span class='ocrx_word' id='word_1_192' title='bbox 1196 2486 1250 2552; x_wconf 89' lang='lat' dir='ltr'><strong>tu,</strong></span> <span class='ocrx_word' id='word_1_193' title='bbox 1273 2470 1328 2561; x_wconf 91' lang='lat' dir='ltr'><strong>qui</strong></span> <span class='ocrx_word' id='word_1_194' title='bbox 1348 2469 1433 2534; x_wconf 91' lang='lat' dir='ltr'><strong>dicis</strong></span> <span class='ocrx_word' id='word_1_195' title='bbox 1449 2496 1455 2532; x_wconf 92' lang='lat'>:</span> <span class='ocrx_word' id='word_1_196' title='bbox 1474 2495 1504 2534; x_wconf 77' lang='lat' dir='ltr'><strong>ao</strong></span> 
     </span>
     <span class='ocr_line' id='line_1_22' title="bbox 339 2571 1464 2666; baseline -0.001 -31"><span class='ocrx_word' id='word_1_197' title='bbox 339 2601 355 2636; x_wconf 78' lang='lat' dir='ltr'><strong>o</strong></span> <span class='ocrx_word' id='word_1_198' title='bbox 377 2573 492 2640; x_wconf 89' lang='lat' dir='ltr'><strong>Gloria</strong></span> <span class='ocrx_word' id='word_1_199' title='bbox 511 2574 600 2639; x_wconf 88' lang='lat' dir='ltr'><strong>Patri</strong></span> <span class='ocrx_word' id='word_1_200' title='bbox 616 2599 676 2663; x_wconf 88' lang='lat' dir='ltr'><strong>per</strong></span> <span class='ocrx_word' id='word_1_201' title='bbox 694 2573 828 2654; x_wconf 87' lang='lat' dir='ltr'><strong>Filium,</strong></span> <span class='ocrx_word' id='word_1_202' title='bbox 840 2602 857 2636; x_wconf 82' lang='lat' dir='ltr'><strong>n</strong></span> <span class='ocrx_word' id='word_1_203' title='bbox 880 2576 997 2641; x_wconf 88' lang='lat' dir='ltr'><strong>adimis</strong></span> <span class='ocrx_word' id='word_1_204' title='bbox 1013 2576 1154 2666; x_wconf 76' lang='lat' dir='ltr'><strong>gloriani</strong></span> <span class='ocrx_word' id='word_1_205' title='bbox 1170 2575 1268 2655; x_wconf 91' lang='lat' dir='ltr'><strong>Filio,</strong></span> <span class='ocrx_word' id='word_1_206' title='bbox 1280 2574 1374 2665; x_wconf 89' lang='lat' dir='ltr'><strong>quasi</strong></span> <span class='ocrx_word' id='word_1_207' title='bbox 1389 2571 1464 2661; x_wconf 89' lang='lat' dir='ltr'><strong>ipse</strong></span> 
     </span>
     <span class='ocr_line' id='line_1_23' title="bbox 338 2672 1465 2768; baseline -0.002 -29"><span class='ocrx_word' id='word_1_208' title='bbox 338 2699 405 2740; x_wconf 92' lang='lat' dir='ltr'><strong>non</strong></span> <span class='ocrx_word' id='word_1_209' title='bbox 426 2675 470 2739; x_wconf 90' lang='lat' dir='ltr'><strong>sit</strong></span> <span class='ocrx_word' id='word_1_210' title='bbox 483 2675 651 2766; x_wconf 84' lang='lat' dir='ltr'><strong>gloriosus</strong></span> <span class='ocrx_word' id='word_1_211' title='bbox 667 2701 743 2740; x_wconf 92' lang='lat' dir='ltr'><strong>cum</strong></span> <span class='ocrx_word' id='word_1_212' title='bbox 761 2690 874 2763; x_wconf 89' lang='lat' dir='ltr'><strong>patre,</strong></span> <span class='ocrx_word' id='word_1_213' title='bbox 899 2680 1142 2768; x_wconf 89' lang='lat' dir='ltr'><strong>propterquod</strong></span> <span class='ocrx_word' id='word_1_214' title='bbox 1160 2703 1234 2744; x_wconf 89' lang='lat' dir='ltr'><strong>eum</strong></span> <span class='ocrx_word' id='word_1_215' title='bbox 1256 2672 1465 2740; x_wconf 88' lang='lat' dir='ltr'><strong>adnuntiavit</strong></span> 
     </span>
     <span class='ocr_line' id='line_1_24' title="bbox 338 2776 1461 2859; baseline -0.002 -18"><span class='ocrx_word' id='word_1_216' title='bbox 338 2778 372 2842; x_wconf 92' lang='lat' dir='ltr'><strong>in</strong></span> <span class='ocrx_word' id='word_1_217' title='bbox 389 2778 559 2842; x_wconf 89' lang='lat' dir='ltr'><strong>mundum.</strong></span> <span class='ocrx_word' id='word_1_218' title='bbox 581 2778 764 2858; x_wconf 89' lang='lat' dir='ltr'><strong>Nuntiavit,</strong></span> <span class='ocrx_word' id='word_1_219' title='bbox 778 2791 815 2842; x_wconf 91' lang='lat' dir='ltr'><strong>ut</strong></span> <span class='ocrx_word' id='word_1_220' title='bbox 826 2778 982 2859; x_wconf 85' lang='lat' dir='ltr'><strong>diximus,</strong></span> <span class='ocrx_word' id='word_1_221' title='bbox 996 2780 1101 2846; x_wconf 90' lang='lat' dir='ltr'><strong>Filius</strong></span> <span class='ocrx_word' id='word_1_222' title='bbox 1119 2784 1250 2847; x_wconf 87' lang='lat' dir='ltr'><strong>Patrem</strong></span> <span class='ocrx_word' id='word_1_223' title='bbox 1266 2779 1301 2842; x_wconf 92' lang='lat' dir='ltr'><strong>in</strong></span> <span class='ocrx_word' id='word_1_224' title='bbox 1316 2776 1461 2856; x_wconf 92' lang='lat' dir='ltr'><strong>mundo;</strong></span> 
     </span>
     <span class='ocr_line' id='line_1_25' title="bbox 339 2879 1460 2974; baseline -0.003 -29"><span class='ocrx_word' id='word_1_225' title='bbox 339 2880 397 2945; x_wconf 91' lang='lat' dir='ltr'><strong>sed</strong></span> <span class='ocrx_word' id='word_1_226' title='bbox 417 2880 511 2945; x_wconf 92' lang='lat' dir='ltr'><strong>multi</strong></span> <span class='ocrx_word' id='word_1_227' title='bbox 531 2905 597 2944; x_wconf 91' lang='lat' dir='ltr'><strong>non</strong></span> <span class='ocrx_word' id='word_1_228' title='bbox 618 2881 854 2959; x_wconf 87' lang='lat' dir='ltr'><strong>crediderunt,</strong></span> <span class='ocrx_word' id='word_1_229' title='bbox 875 2881 1008 2947; x_wconf 88' lang='lat' dir='ltr'><strong>dicente</strong></span> <span class='ocrx_word' id='word_1_230' title='bbox 1030 2885 1177 2948; x_wconf 83' lang='lat' dir='ltr'><strong>Iohanne</strong></span> <span class='ocrx_word' id='word_1_231' title='bbox 1194 2881 1207 2974; x_wconf 73' lang='lat' dir='ltr'><strong>ll</strong></span> <span class='ocrx_word' id='word_1_232' title='bbox 1225 2879 1430 2971; x_wconf 82' lang='lat' dir='ltr'><strong>euangelista</strong></span> <span class='ocrx_word' id='word_1_233' title='bbox 1454 2905 1460 2942; x_wconf 77' lang='grc' dir='ltr'><strong><em>ε</em></strong></span> 
     </span>
     <span class='ocr_line' id='line_1_26' title="bbox 337 2984 1507 3074; baseline -0.002 -26"><span class='ocrx_word' id='word_1_234' title='bbox 337 2985 376 3048; x_wconf 85' lang='lat' dir='ltr'><strong>In</strong></span> <span class='ocrx_word' id='word_1_235' title='bbox 393 2989 606 3073; x_wconf 71' lang='lat' dir='ltr'><strong>saraproprie</strong></span> <span class='ocrx_word' id='word_1_236' title='bbox 624 2988 723 3061; x_wconf 73' lang='lat' dir='ltr'><strong>venit,</strong></span> <span class='ocrx_word' id='word_1_237' title='bbox 749 2998 777 3046; x_wconf 88' lang='lat' dir='ltr'><strong>et</strong></span> <span class='ocrx_word' id='word_1_238' title='bbox 804 2990 857 3048; x_wconf 85' lang='lat' dir='ltr'><strong>soi</strong></span> <span class='ocrx_word' id='word_1_239' title='bbox 876 3010 947 3048; x_wconf 83' lang='lat' dir='ltr'><strong>eum</strong></span> <span class='ocrx_word' id='word_1_240' title='bbox 968 3011 1032 3050; x_wconf 78' lang='lat' dir='ltr'><strong>nort</strong></span> <span class='ocrx_word' id='word_1_241' title='bbox 1053 2992 1249 3074; x_wconf 79' lang='lat' dir='ltr'><strong>reciperunt.</strong></span> <span class='ocrx_word' id='word_1_242' title='bbox 1277 2984 1465 3073; x_wconf 81' lang='lat' dir='ltr'><strong>Quodquod</strong></span> <span class='ocrx_word' id='word_1_243' title='bbox 1476 3009 1507 3047; x_wconf 78' lang='lat'><strong>25</strong></span> 
     </span>
     <span class='ocr_line' id='line_1_27' title="bbox 339 3085 1465 3182; baseline -0.001 -34"><span class='ocrx_word' id='word_1_244' title='bbox 339 3109 411 3149; x_wconf 85' lang='lat' dir='ltr'><strong>eum</strong></span> <span class='ocrx_word' id='word_1_245' title='bbox 430 3091 633 3172; x_wconf 67' lang='lat' dir='ltr'><strong>reciperunt,</strong></span> <span class='ocrx_word' id='word_1_246' title='bbox 658 3085 746 3150; x_wconf 83' lang='lat' dir='ltr'><strong>dedit</strong></span> <span class='ocrx_word' id='word_1_247' title='bbox 765 3091 811 3150; x_wconf 85' lang='lat' dir='ltr'><strong>eis</strong></span> <span class='ocrx_word' id='word_1_248' title='bbox 826 3102 1025 3174; x_wconf 81' lang='lat' dir='ltr'><strong>potestatem</strong></span> <span class='ocrx_word' id='word_1_249' title='bbox 1044 3089 1133 3175; x_wconf 80' lang='lat' dir='ltr'><strong>filios</strong></span> <span class='ocrx_word' id='word_1_250' title='bbox 1151 3091 1213 3153; x_wconf 86' lang='lat' dir='ltr'><strong>Dei</strong></span> <span class='ocrx_word' id='word_1_251' title='bbox 1229 3087 1306 3182; x_wconf 75' lang='lat' dir='ltr'><strong>fieri</strong></span> <span class='ocrx_word' id='word_1_252' title='bbox 1316 3136 1323 3164; x_wconf 92' lang='lat'><strong>,</strong></span> <span class='ocrx_word' id='word_1_253' title='bbox 1342 3085 1391 3150; x_wconf 74' lang='lat' dir='ltr'><strong>tis</strong></span> <span class='ocrx_word' id='word_1_254' title='bbox 1407 3090 1465 3174; x_wconf 81' lang='lat' dir='ltr'><strong>qui</strong></span> 
     </span>
     <span class='ocr_line' id='line_1_28' title="bbox 340 3187 1462 3280; baseline 0 -30"><span class='ocrx_word' id='word_1_255' title='bbox 340 3187 476 3250; x_wconf 82' lang='lat' dir='ltr'><strong>eredunt</strong></span> <span class='ocrx_word' id='word_1_256' title='bbox 494 3193 526 3250; x_wconf 85' lang='lat' dir='ltr'><strong>in</strong></span> <span class='ocrx_word' id='word_1_257' title='bbox 541 3191 669 3250; x_wconf 82' lang='lat' dir='ltr'><strong>nomine</strong></span> <span class='ocrx_word' id='word_1_258' title='bbox 682 3192 751 3251; x_wconf 85' lang='lat' dir='ltr'><strong>eius</strong></span> <span class='ocrx_word' id='word_1_259' title='bbox 765 3189 789 3250; x_wconf 83' lang='lat'><strong>3.</strong></span> <span class='ocrx_word' id='word_1_260' title='bbox 809 3191 892 3255; x_wconf 91' lang='lat' dir='ltr'><strong>Nam</strong></span> <span class='ocrx_word' id='word_1_261' title='bbox 912 3203 968 3269; x_wconf 92' lang='lat' dir='ltr'><strong>tu,</strong></span> <span class='ocrx_word' id='word_1_262' title='bbox 992 3191 1049 3280; x_wconf 89' lang='lat' dir='ltr'><strong>qui</strong></span> <span class='ocrx_word' id='word_1_263' title='bbox 1068 3192 1170 3257; x_wconf 88' lang='lat' dir='ltr'><strong>Paulo</strong></span> <span class='ocrx_word' id='word_1_264' title='bbox 1194 3189 1345 3279; x_wconf 88' lang='lat' dir='ltr'><strong>apostolo</strong></span> <span class='ocrx_word' id='word_1_265' title='bbox 1362 3187 1462 3251; x_wconf 89' lang='lat' dir='ltr'><strong>dero-</strong></span> 
     </span>
     <span class='ocr_line' id='line_1_29' title="bbox 339 3289 1462 3385; baseline 0.002 -33"><span class='ocrx_word' id='word_1_266' title='bbox 339 3314 417 3379; x_wconf 86' lang='lat' dir='ltr'><strong>gas,</strong></span> <span class='ocrx_word' id='word_1_267' title='bbox 447 3302 480 3353; x_wconf 89' lang='lat' dir='ltr'><strong>et</strong></span> <span class='ocrx_word' id='word_1_268' title='bbox 504 3314 638 3354; x_wconf 90' lang='lat' dir='ltr'><strong>sensum</strong></span> <span class='ocrx_word' id='word_1_269' title='bbox 661 3289 731 3354; x_wconf 90' lang='lat' dir='ltr'><strong>cius</strong></span> <span class='ocrx_word' id='word_1_270' title='bbox 759 3316 826 3356; x_wconf 90' lang='lat' dir='ltr'><strong>non</strong></span> <span class='ocrx_word' id='word_1_271' title='bbox 849 3294 1035 3383; x_wconf 86' lang='lat' dir='ltr'><strong>intellegis,</strong></span> <span class='ocrx_word' id='word_1_272' title='bbox 1060 3295 1216 3384; x_wconf 87' lang='lat' dir='ltr'><strong>percipe,</strong></span> <span class='ocrx_word' id='word_1_273' title='bbox 1241 3317 1339 3385; x_wconf 90' lang='lat' dir='ltr'><strong>quam</strong></span> <span class='ocrx_word' id='word_1_274' title='bbox 1366 3302 1462 3356; x_wconf 87' lang='lat' dir='ltr'><strong>caute</strong></span> 
     </span>
     <span class='ocr_line' id='line_1_30' title="bbox 340 3390 1604 3493; baseline 0.002 -39"><span class='ocrx_word' id='word_1_275' title='bbox 340 3390 499 3479; x_wconf 91' lang='lat' dir='ltr'><strong>loquitur,</strong></span> <span class='ocrx_word' id='word_1_276' title='bbox 523 3404 555 3455; x_wconf 93' lang='lat' dir='ltr'><strong>et</strong></span> <span class='ocrx_word' id='word_1_277' title='bbox 575 3391 664 3456; x_wconf 87' lang='lat' dir='ltr'><strong>iuxta</strong></span> <span class='ocrx_word' id='word_1_278' title='bbox 687 3406 723 3457; x_wconf 90' lang='lat' dir='ltr'><strong>ut</strong></span> <span class='ocrx_word' id='word_1_279' title='bbox 743 3395 893 3483; x_wconf 87' lang='lat' dir='ltr'><strong>recipere</strong></span> <span class='ocrx_word' id='word_1_280' title='bbox 916 3396 990 3484; x_wconf 93' lang='lat' dir='ltr'><strong>quis</strong></span> <span class='ocrx_word' id='word_1_281' title='bbox 1010 3410 1138 3486; x_wconf 89' lang='lat' dir='ltr'><strong>potest,</strong></span> <span class='ocrx_word' id='word_1_282' title='bbox 1161 3411 1290 3477; x_wconf 86' lang='lat' dir='ltr'><strong>averte,</strong></span> <span class='ocrx_word' id='word_1_283' title='bbox 1319 3393 1464 3485; x_wconf 87' lang='lat' dir='ltr'><strong>qualiter</strong></span> <span class='ocrx_word' id='word_1_284' title='bbox 1603 3477 1604 3493; x_wconf 12' lang='grc' dir='ltr'>χ</span> 
     </span>
     <span class='ocr_line' id='line_1_31' title="bbox 339 3493 1604 3592; baseline 0.002 -35"><span class='ocrx_word' id='word_1_285' title='bbox 339 3493 511 3580; x_wconf 87' lang='lat' dir='ltr'><strong>praedicat</strong></span> <span class='ocrx_word' id='word_1_286' title='bbox 526 3493 614 3558; x_wconf 89' lang='lat' dir='ltr'><strong>inter</strong></span> <span class='ocrx_word' id='word_1_287' title='bbox 628 3509 746 3584; x_wconf 87' lang='lat' dir='ltr'><strong>gentes</strong></span> <span class='ocrx_word' id='word_1_288' title='bbox 763 3495 965 3579; x_wconf 87' lang='lat' dir='ltr'><strong>incredulas,</strong></span> <span class='ocrx_word' id='word_1_289' title='bbox 978 3512 1016 3566; x_wconf 88' lang='lat' dir='ltr'><strong>ut</strong></span> <span class='ocrx_word' id='word_1_290' title='bbox 1032 3500 1123 3566; x_wconf 91' lang='lat' dir='ltr'><strong>nullo</strong></span> <span class='ocrx_word' id='word_1_291' title='bbox 1137 3525 1221 3566; x_wconf 88' lang='lat' dir='ltr'><strong>onus</strong></span> <span class='ocrx_word' id='word_1_292' title='bbox 1239 3524 1339 3592; x_wconf 85' lang='lat' dir='ltr'><strong>grave</strong></span> <span class='ocrx_word' id='word_1_293' title='bbox 1352 3498 1462 3562; x_wconf 87' lang='lat' dir='ltr'><strong>videa·</strong></span> <span class='ocrx_word' id='word_1_294' title='bbox 1478 3521 1507 3560; x_wconf 80' lang='lat' dir='ltr'><strong>no</strong></span> <span class='ocrx_word' id='word_1_295' title='bbox 1603 3495 1604 3502; x_wconf 57' lang='lat'><em>&#39;</em></span> 
     </span>
    </p>
   </div>
   <div class='ocr_carea' id='block_1_3' title="bbox 339 3596 1464 3770">
    <p class='ocr_par' dir='ltr' id='par_1_3' title="bbox 339 3596 1464 3770">
     <span class='ocr_line' id='line_1_32' title="bbox 340 3596 1463 3687; baseline 0.004 -25"><span class='ocrx_word' id='word_1_296' title='bbox 340 3612 394 3664; x_wconf 91' lang='lat' dir='ltr'><strong>tur</strong></span> <span class='ocrx_word' id='word_1_297' title='bbox 426 3596 606 3683; x_wconf 90' lang='lat' dir='ltr'><strong>inponere,</strong></span> <span class='ocrx_word' id='word_1_298' title='bbox 644 3596 730 3662; x_wconf 90' lang='lat' dir='ltr'><strong>siout</strong></span> <span class='ocrx_word' id='word_1_299' title='bbox 756 3600 955 3687; x_wconf 87' lang='lat' dir='ltr'><strong>quibusdam</strong></span> <span class='ocrx_word' id='word_1_300' title='bbox 989 3601 1072 3667; x_wconf 90' lang='lat' dir='ltr'><strong>dicit</strong></span> <span class='ocrx_word' id='word_1_301' title='bbox 1102 3630 1108 3667; x_wconf 93' lang='lat'><strong>:</strong></span> <span class='ocrx_word' id='word_1_302' title='bbox 1135 3620 1372 3685; x_wconf 65' lang='lat' dir='ltr'><strong>taceatispoium</strong></span> <span class='ocrx_word' id='word_1_303' title='bbox 1392 3619 1463 3678; x_wconf 77' lang='lat' dir='ltr'><strong>dedi,</strong></span> 
     </span>
     <span class='ocr_line' id='line_1_33' title="bbox 339 3698 1464 3770; baseline 0.009 -27"><span class='ocrx_word' id='word_1_304' title='bbox 339 3714 388 3745; x_wconf 84' lang='lat' dir='ltr'><strong>uon</strong></span> <span class='ocrx_word' id='word_1_305' title='bbox 405 3711 505 3759; x_wconf 72' lang='lat' dir='ltr'><strong>eaeam3</strong></span> <span class='ocrx_word' id='word_1_306' title='bbox 533 3699 644 3746; x_wconf 83' lang='lat' dir='ltr'><strong>nondum</strong></span> <span class='ocrx_word' id='word_1_307' title='bbox 666 3698 732 3746; x_wconf 85' lang='lat' dir='ltr'><strong>enim</strong></span> <span class='ocrx_word' id='word_1_308' title='bbox 748 3703 883 3764; x_wconf 81' lang='lat' dir='ltr'><strong>poteratis,</strong></span> <span class='ocrx_word' id='word_1_309' title='bbox 904 3703 949 3750; x_wconf 76' lang='lat' dir='ltr'><strong>red</strong></span> <span class='ocrx_word' id='word_1_310' title='bbox 967 3720 997 3751; x_wconf 86' lang='lat' dir='ltr'><strong>ne</strong></span> <span class='ocrx_word' id='word_1_311' title='bbox 1016 3705 1102 3752; x_wconf 82' lang='lat' dir='ltr'><strong>adhue</strong></span> <span class='ocrx_word' id='word_1_312' title='bbox 1118 3705 1219 3770; x_wconf 84' lang='lat' dir='ltr'><strong>quidem</strong></span> <span class='ocrx_word' id='word_1_313' title='bbox 1236 3707 1343 3770; x_wconf 74' lang='lat' dir='ltr'><strong>potestis</strong></span> <span class='ocrx_word' id='word_1_314' title='bbox 1357 3705 1376 3754; x_wconf 66' lang='lat' dir='ltr'><strong>l.</strong></span> <span class='ocrx_word' id='word_1_315' title='bbox 1399 3709 1464 3753; x_wconf 85' lang='lat' dir='ltr'><strong>Per-</strong></span> 
     </span>
    </p>
   </div>
   <div class='ocr_carea' id='block_1_4' title="bbox 338 3784 1506 4177">
    <p class='ocr_par' dir='ltr' id='par_1_4' title="bbox 338 3784 1506 4177">
     <span class='ocr_line' id='line_1_34' title="bbox 338 3784 1462 3877; baseline 0.013 -40"><span class='ocrx_word' id='word_1_316' title='bbox 338 3791 510 3856; x_wconf 63' lang='lat' dir='ltr'><strong>fectorumffest</strong></span> <span class='ocrx_word' id='word_1_317' title='bbox 522 3791 695 3839; x_wconf 71' lang='lat' dir='ltr'><strong>enimsotidus</strong></span> <span class='ocrx_word' id='word_1_318' title='bbox 710 3793 781 3841; x_wconf 84' lang='lat' dir='ltr'><strong>cibus</strong></span> <span class='ocrx_word' id='word_1_319' title='bbox 793 3797 814 3845; x_wconf 80' lang='lat'><strong>⁵.</strong></span> <span class='ocrx_word' id='word_1_320' title='bbox 835 3797 885 3844; x_wconf 91' lang='lat' dir='ltr'><strong>Sed</strong></span> <span class='ocrx_word' id='word_1_321' title='bbox 903 3804 927 3845; x_wconf 89' lang='lat' dir='ltr'><strong>et</strong></span> <span class='ocrx_word' id='word_1_322' title='bbox 944 3799 1003 3846; x_wconf 85' lang='lat' dir='ltr'><strong>aliis</strong></span> <span class='ocrx_word' id='word_1_323' title='bbox 1022 3799 1085 3847; x_wconf 88' lang='lat' dir='ltr'><strong>dicit</strong></span> <span class='ocrx_word' id='word_1_324' title='bbox 1100 3815 1105 3846; x_wconf 93' lang='lat'>:</span> <span class='ocrx_word' id='word_1_325' title='bbox 1138 3784 1232 3850; x_wconf 77' lang='lat' dir='ltr'><strong>Nihil</strong></span> <span class='ocrx_word' id='word_1_326' title='bbox 1251 3788 1338 3851; x_wconf 71' lang='lat' dir='ltr'><strong>vobis</strong></span> <span class='ocrx_word' id='word_1_327' title='bbox 1359 3806 1462 3877; x_wconf 69' lang='lat' dir='ltr'><strong>prae·</strong></span> 
     </span>
     <span class='ocr_line' id='line_1_35' title="bbox 339 3878 1462 3973; baseline 0.016 -34"><span class='ocrx_word' id='word_1_328' title='bbox 339 3878 448 3940; x_wconf 81' lang='lat' dir='ltr'><strong>dicavi</strong></span> <span class='ocrx_word' id='word_1_329' title='bbox 501 3882 566 3941; x_wconf 84' lang='lat' dir='ltr'><strong>nisi</strong></span> <span class='ocrx_word' id='word_1_330' title='bbox 624 3879 810 3959; x_wconf 79' lang='lat' dir='ltr'><strong>Christum,</strong></span> <span class='ocrx_word' id='word_1_331' title='bbox 862 3897 893 3946; x_wconf 85' lang='lat' dir='ltr'><strong>et</strong></span> <span class='ocrx_word' id='word_1_332' title='bbox 942 3885 1028 3948; x_wconf 71' lang='lat' dir='ltr'><strong>brine</strong></span> <span class='ocrx_word' id='word_1_333' title='bbox 1081 3888 1316 3973; x_wconf 64' lang='lat' dir='ltr'><strong>crucifixerat.</strong></span> <span class='ocrx_word' id='word_1_334' title='bbox 1365 3893 1462 3957; x_wconf 87' lang='lat' dir='ltr'><strong>Nune</strong></span> 
     </span>
     <span class='ocr_line' id='line_1_36' title="bbox 340 3977 1506 4077; baseline 0.015 -35"><span class='ocrx_word' id='word_1_335' title='bbox 340 3992 449 4043; x_wconf 87' lang='lat' dir='ltr'><strong>autem</strong></span> <span class='ocrx_word' id='word_1_336' title='bbox 484 3977 565 4070; x_wconf 92' lang='lat' dir='ltr'><strong>quid</strong></span> <span class='ocrx_word' id='word_1_337' title='bbox 610 3981 674 4060; x_wconf 92' lang='lat' dir='ltr'><strong>vis,</strong></span> <span class='ocrx_word' id='word_1_338' title='bbox 711 4007 730 4046; x_wconf 94' lang='lat' dir='ltr'><strong>o</strong></span> <span class='ocrx_word' id='word_1_339' title='bbox 763 3996 799 4048; x_wconf 89' lang='lat' dir='ltr'><strong>tu</strong></span> <span class='ocrx_word' id='word_1_340' title='bbox 838 3985 1002 4065; x_wconf 89' lang='lat' dir='ltr'><strong>heretice,</strong></span> <span class='ocrx_word' id='word_1_341' title='bbox 1040 3991 1095 4077; x_wconf 91' lang='lat' dir='ltr'><strong>qui</strong></span> <span class='ocrx_word' id='word_1_342' title='bbox 1133 3992 1254 4058; x_wconf 90' lang='lat' dir='ltr'><strong>Paulus</strong></span> <span class='ocrx_word' id='word_1_343' title='bbox 1290 3992 1461 4059; x_wconf 89' lang='lat' dir='ltr'><strong>Christum</strong></span> <span class='ocrx_word' id='word_1_344' title='bbox 1477 4034 1506 4074; x_wconf 75' lang='lat'><strong>35</strong></span> 
     </span>
     <span class='ocr_line' id='line_1_37' title="bbox 339 4082 1462 4177; baseline 0.02 -32"><span class='ocrx_word' id='word_1_345' title='bbox 339 4094 467 4147; x_wconf 89' lang='lat' dir='ltr'><strong>tautum</strong></span> <span class='ocrx_word' id='word_1_346' title='bbox 504 4082 696 4149; x_wconf 87' lang='lat' dir='ltr'><strong>crucifixum</strong></span> <span class='ocrx_word' id='word_1_347' title='bbox 730 4087 950 4177; x_wconf 87' lang='lat' dir='ltr'><strong>praedicavit,</strong></span> <span class='ocrx_word' id='word_1_348' title='bbox 989 4094 1210 4158; x_wconf 78' lang='lat' dir='ltr'><strong>resurrexisse</strong></span> <span class='ocrx_word' id='word_1_349' title='bbox 1239 4107 1274 4161; x_wconf 89' lang='lat' dir='ltr'><strong>tu</strong></span> <span class='ocrx_word' id='word_1_350' title='bbox 1308 4097 1462 4168; x_wconf 85' lang='lat' dir='ltr'><strong>debitas?</strong></span> 
     </span>
    </p>
   </div>
   <div class='ocr_carea' id='block_1_5' title="bbox 1244 4221 1459 4240">
    <p class='ocr_par' dir='ltr' id='par_1_5' title="bbox 1244 4221 1459 4240">
     <span class='ocr_line' id='line_1_38' title="bbox 1244 4221 1459 4240; baseline 0.005 -10"><span class='ocrx_word' id='word_1_351' title='bbox 1244 4221 1459 4240; x_wconf 40' lang='grc' dir='ltr'><strong>-Ἧ</strong></span> 
     </span>
    </p>
   </div>
   <div class='ocr_carea' id='block_1_6' title="bbox 338 4265 1458 4392">
    <p class='ocr_par' dir='ltr' id='par_1_6' title="bbox 338 4265 1458 4392">
     <span class='ocr_line' id='line_1_39' title="bbox 369 4265 1442 4333; baseline 0.018 -21"><span class='ocrx_word' id='word_1_352' title='bbox 369 4265 391 4313; x_wconf 86' lang='grc'><strong>1.</strong></span> <span class='ocrx_word' id='word_1_353' title='bbox 415 4269 485 4314; x_wconf 85' lang='lat' dir='ltr'><strong>Corr.</strong></span> <span class='ocrx_word' id='word_1_354' title='bbox 500 4265 647 4316; x_wconf 87' lang='lat' dir='ltr'><strong>inmortale.</strong></span> <span class='ocrx_word' id='word_1_355' title='bbox 658 4295 690 4305; x_wconf 93' lang='lat'><strong>—-</strong></span> <span class='ocrx_word' id='word_1_356' title='bbox 706 4270 727 4316; x_wconf 81' lang='lat'><strong>2.</strong></span> <span class='ocrx_word' id='word_1_357' title='bbox 745 4270 764 4318; x_wconf 93' lang='lat' dir='ltr'><strong>l.</strong></span> <span class='ocrx_word' id='word_1_358' title='bbox 780 4270 883 4328; x_wconf 85' lang='lat' dir='ltr'><strong>Tim.l,</strong></span> <span class='ocrx_word' id='word_1_359' title='bbox 902 4273 939 4319; x_wconf 89' lang='grc'><strong>17.</strong></span> <span class='ocrx_word' id='word_1_360' title='bbox 956 4301 986 4309; x_wconf 90' lang='lat'><strong>-—</strong></span> <span class='ocrx_word' id='word_1_361' title='bbox 1003 4275 1025 4321; x_wconf 88' lang='lat'><strong>3.</strong></span> <span class='ocrx_word' id='word_1_362' title='bbox 1044 4276 1115 4323; x_wconf 89' lang='lat' dir='ltr'><strong>loon.</strong></span> <span class='ocrx_word' id='word_1_363' title='bbox 1131 4277 1157 4333; x_wconf 85' lang='lat'><strong>1,</strong></span> <span class='ocrx_word' id='word_1_364' title='bbox 1178 4278 1214 4324; x_wconf 78' lang='lat'><strong>1‘2.</strong></span> <span class='ocrx_word' id='word_1_365' title='bbox 1231 4307 1262 4315; x_wconf 92' lang='lat'><em>-</em></span> <span class='ocrx_word' id='word_1_366' title='bbox 1280 4281 1302 4327; x_wconf 75' lang='lat'><strong>4.</strong></span> <span class='ocrx_word' id='word_1_367' title='bbox 1322 4282 1341 4328; x_wconf 89' lang='lat' dir='ltr'><strong>l.</strong></span> <span class='ocrx_word' id='word_1_368' title='bbox 1355 4282 1442 4332; x_wconf 81' lang='lat' dir='ltr'><strong>Cor.3</strong></span> 
     </span>
     <span class='ocr_line' id='line_1_40' title="bbox 338 4323 1458 4392; baseline 0.012 -18"><span class='ocrx_word' id='word_1_369' title='bbox 338 4328 358 4374; x_wconf 85' lang='lat'><strong>2.</strong></span> <span class='ocrx_word' id='word_1_370' title='bbox 373 4355 404 4365; x_wconf 96' lang='lat'>-</span> <span class='ocrx_word' id='word_1_371' title='bbox 422 4333 444 4377; x_wconf 85' lang='lat'><strong>5.</strong></span> <span class='ocrx_word' id='word_1_372' title='bbox 462 4329 541 4377; x_wconf 76' lang='lat' dir='ltr'><strong>near.</strong></span> <span class='ocrx_word' id='word_1_373' title='bbox 555 4333 582 4385; x_wconf 85' lang='lat' dir='ltr'><strong>s,</strong></span> <span class='ocrx_word' id='word_1_374' title='bbox 593 4330 629 4377; x_wconf 78' lang='lat'><strong>14.</strong></span> <span class='ocrx_word' id='word_1_375' title='bbox 643 4358 674 4368; x_wconf 94' lang='lat'><em>-</em></span> <span class='ocrx_word' id='word_1_376' title='bbox 692 4334 714 4379; x_wconf 88' lang='lat' dir='ltr'><strong>c.</strong></span> <span class='ocrx_word' id='word_1_377' title='bbox 733 4333 753 4380; x_wconf 90' lang='lat'><strong>1.</strong></span> <span class='ocrx_word' id='word_1_378' title='bbox 768 4331 826 4381; x_wconf 77' lang='lat' dir='ltr'><strong>Cor.</strong></span> <span class='ocrx_word' id='word_1_379' title='bbox 841 4335 868 4392; x_wconf 81' lang='lat'><strong>2,</strong></span> <span class='ocrx_word' id='word_1_380' title='bbox 879 4337 900 4380; x_wconf 81' lang='lat'><strong>2.</strong></span> <span class='ocrx_word' id='word_1_381' title='bbox 1451 4323 1458 4344; x_wconf 90' lang='grc'><strong>’</strong></span> 
     </span>
    </p>
   </div>
   <div class='ocr_carea' id='block_1_7' title="bbox 0 0 1632 5144">
    <p class='ocr_par' dir='ltr' id='par_1_7' title="bbox 0 0 1632 5144">
     <span class='ocr_line' id='line_1_41' title="bbox 0 0 1632 5144; baseline 0 3"><span class='ocrx_word' id='word_1_382' title='bbox 0 0 1632 5144; x_wconf 95' lang='lat' dir='ltr'><strong> </strong></span> 
     </span>
    </p>
   </div>
  </div>
 </body>
</html>
