3256 5144
442 492 608 542 HISTORlAE
625 495 827 546 FRANCORUM
843 497 941 547 LIBER
959 499 987 548 V.
1228 501 1273 548 185

148 608 358 674 Adserebant
385 609 474 674 enim
497 609 633 698 quidam
663 625 697 676 et
724 612 852 680 caelum
878 615 1051 681 ardentem
1076 639 1111 680 se
1133 615 1269 682 vidisse.

148 712 252 800 Leger
276 708 395 776 lluvius
420 711 526 776 maior
549 714 591 777 ab
613 737 702 778 anno
729 716 902 803 superiore
935 717 1013 796 luit,
1040 729 1217 808 postquam
1242 719 1272 784 ei

148 824 299 878 estorcns
317 813 479 878 adiunxit.
500 817 627 882 Ventus
641 829 753 880 auster
772 816 911 884 nimium
926 820 1091 885 violenter
1111 822 1283 900 cucurrits

147 914 192 978 ita
220 927 257 978 ut
277 914 375 980 silvas
408 929 650 1004 prosterneret,
682 919 799 984 domos
828 933 979 1000 erueret,
1012 929 1110 1009 sepes¹
1139 921 1274 986 efferret

119 1017 238 1104 sipsos
261 1041 395 1105 quoque
422 1016 576 1082 homines
605 1020 646 1084 ad
678 1019 931 1087 internitionem
958 1047 1063 1111 usque
1094 1023 1271 1088 volutaret.
1360 1045 1364 1051 ’
1396 1047 1398 1053 ’

148 1119 227 1182 Erat
243 1118 333 1182 enim
352 1117 496 1205 spatium
513 1120 583 1184 eius
600 1119 634 1184 in
658 1121 870 1188 latitudinem
893 1125 989 1212 quasi
1016 1124 1092 1213 iuga
1126 1136 1272 1212 septem,

147 1219 394 1310 longitudinem
422 1233 530 1287 autem
563 1246 631 1288 non
668 1225 779 1312 potuit
809 1225 995 1292 aestimare.
1026 1229 1109 1292 Nam
1139 1238 1172 1292 et
1196 1226 1275 1316 galli

146 1321 265 1409 plausu
283 1333 383 1387 cantu
404 1321 537 1389 initium
555 1327 665 1394 noctis
684 1327 861 1392 dederunt.
885 1329 977 1392 Luna
1002 1326 1276 1396 conteuebricata

147 1434 208 1504 est,
228 1435 261 1488 et
280 1423 418 1488 comites
429 1422 442 1514 l}
459 1425 555 1491 stella
571 1427 736 1516 apparuit.
750 1427 867 1496 Graiis
887 1442 996 1495 autem
1014 1430 1085 1496 lues
1100 1430 1137 1496 in
1148 1429 1274 1519 populo
1284 1449 1339 1498 col.
1359 1449 1431 1499 aaa·

108 1549 132 1590 ιο
148 1526 327 1594 subsecuta
337 1542 399 1594 est.
413 1531 528 1616 Legati
542 1540 651 1595 autem
666 1533 883 1613 Suaevorum,
897 1543 975 1620 post
990 1555 1113 1598 annum
1128 1530 1271 1612 dimissi,

148 1630 189 1694 ad
207 1629 342 1718 propria
360 1629 544 1696 redierunt.

178 1827 217 1874 42.
236 1825 357 1874 Maurilio
378 1825 550 1874 Cadurcensis
569 1825 643 1872 urbis
662 1824 802 1900 episcopus
838 1826 937 1874 rariter
953 1826 1107 1888 aegrotabat
1118 1825 1151 1874 ab
1166 1826 1275 1874 humore

148 1887 304 1951 podagrico;
317 1887 362 1936 sed
374 1903 453 1952 super
468 1887 516 1935 hos
534 1887 651 1945 dolores,
666 1903 731 1950 quos
750 1903 808 1950 ipse
819 1841 918 1936 bomar
934 1889 1083 1946 commovit,
1100 1903 1210 1951 magnos
1224 1887 1276 1936 sibi

148 1949 280 1998 cruciatus
293 1950 422 2007 addebat,
434 1965 496 1998 nam
509 1965 586 2013 saepe
599 1949 753 2000 candentem
767 1952 866 2000 ler'rum
874 1951 947 2000 tibiis
958 1967 989 2000 ac
1005 1951 1118 2014 pedibus
1129 1951 1274 2014 deligebat,

109 2020 133 2057 15
148 2029 198 2078 quo
212 2012 315 2060 iacilius
328 2013 474 2061 cruciatum
486 2011 536 2060 sibi
547 2011 661 2077 amplius
674 2011 786 2061 adderit.
801 2013 851 2062 Sed
867 2029 925 2062 cum
936 2012 1024 2076 episco
1045 2019 1118 2061 atum
1131 2013 1186 2062 eius
1199 2013 1276 2060 multi

148 2080 313 2138 expeterent,
326 2075 384 2138 ipse
397 2074 560 2130 Ursicinum,
580 2074 624 2138 qni
644 2077 776 2137 quondam
794 2075 986 2123 referendarius
999 2029 1157 2149 Ulirogotlro
1170 2075 1276 2136 reginae

150 2139 242 2194 luerat,
251 2136 343 2200 elcgit;
355 2153 440 2200 quem,
453 2137 516 2184 dum
528 2137 613 2186 adhuc
627 2137 738 2196 viveret,
752 2138 871 2186 benedici
885 2138 918 2185 de
938 2153 1038 2194 recens,
1054 2137 1179 2201 migravit
1190 2153 1207 2184 a
1217 2151 1276 2186 sae·

148 2199 216 2246 cailo.
228 2199 288 2245 Fuit
297 2205 385 2246 autem
395 2198 471 2246 valde
479 2199 687 2254 elemosinarius,
694 2199 721 2247 in
733 2200 870 2264 scripturis
879 2154 1063 2247 ecciesiasticis
1074 2200 1150 2246 valde
1160 2199 1276 2263 instruc-

149 2261 395 2318 tus,itautsericm
405 2259 570 2309 diversarum
598 2263 786 2319 enerationum,
818 2278 866 2310 uae
879 2261 992 2310 inlibris
1003 2261 1102 2310 Veteri
1116 2261 1276 2310 Testamenti

107 2332 134 2369 2⁰
148 2323 315 2380 describitur,
330 2322 398 2396 quod
416 2339 431 2369 a
442 2323 531 2370 multis
545 2324 571 2371 di
599 2324 648 2371 cile
658 2325 792 2381 retinetur,
826 2324 1013 2389 inpletumque
1024 2324 1173 2371 memoriter
1185 2339 1275 2371 recen-

149 2385 220 2433 siret.
234 2385 295 2432 Fuit
306 2391 385 2432 etmm
396 2391 421 2432 et
433 2383 459 2432 iu
472 2384 575 2434 iudiciis
587 2387 673 2434 iustus
686 2403 716 2434 ac
729 2387 870 2434 defendens
886 2401 1016 2450 pauperes
1029 2385 1152 2432 ecclesiae
1168 2401 1229 2432 suae
1243 2384 1275 2432 de

149 2463 228 2498 manu
238 2448 366 2495 malorum
378 2447 495 2495 iudicum
507 2447 578 2496 iuxta
591 2448 656 2499 illud
669 2449 715 2496 lob
730 2465 735 2496 :
751 2448 903 2496 Conservavi
915 2463 1018 2519 egenum
1029 2448 1061 2494 de
1076 2463 1153 2493 naara
1164 2446 1276 2510 potentis

149 2513 172 2556 et
185 2509 268 2572 inopi,
289 2508 331 2555 eui
344 2525 393 2556 non
407 2515 463 2556 erat
482 2507 599 2566 adiutor,
613 2510 756 2557 auxiliatus
773 2527 836 2558 sum.
857 2513 890 2558 Os
905 2509 997 2557 vadatae
1014 2507 1143 2558 benedixit
1159 2525 1205 2567 me,
1220 2525 1276 2556 cum

149 2588 226 2618 essem
240 2571 328 2620 aercius
340 2587 480 2629 caecorum,
490 2588 538 2636 pes
549 2571 679 2620 crudorum
692 2578 716 2620 et
730 2571 902 2622 invalidorum
910 2577 989 2636 pater
1001 2573 1021 2620 ¹.

108 2770 135 2806 as
194 2745 300 2810 XXXI
327 2741 404 2830 (43).
437 2741 628 2832 Levigildus
658 2765 736 2808 vero
761 2767 820 2807 rex
848 2741 1025 2832 Agilonem
1051 2742 1197 2831 legatum
1233 2729 1275 2805 ad

151 2844 379 2933 Chilperioum
410 2845 525 2925 mittit,
548 2844 655 2910 virum
686 2844 768 2910 nulli
801 2844 930 2933 ingenii
960 2857 1016 2910 aut
1043 2843 1276 2933 dispositionis

151 2948 279 3013 ratione
308 2947 531 3037 conperitum‚
557 2948 617 3012 sed
649 2959 777 3012 tantum
806 2948 1011 3012 voluntatem
1044 2946 1079 3011 in
1111 2945 1277 3012 catholica

150 3051 224 3140 lege
245 3073 448 3138 perversum.
473 3053 565 3132 Quae
585 3075 659 3115 curn
673 3049 724 3114 via
740 3052 894 3116 Turonas
908 3049 1100 3128 detulisset,
1119 3047 1276 3114 lacessire

150 3153 265 3218 nosde
283 3151 348 3216 fide
369 3165 402 3216 et
420 3151 608 3241 inpugnare
627 3150 833 3230 eclesiastica
850 3152 1006 3241 dogmata
1025 3149 1147 3238 coepit.
1169 3177 1186 3210 a
1209 3150 1277 3214 lni-

109 3279 136 3317 so
151 3278 233 3344 qua,
254 3253 390 3342 inquid,
420 3254 482 3319 luit
506 3253 720 3343 antiquorum
745 3253 981 3343 episcoporum
1002 3253 1068 3318 lata
1092 3250 1274 3330 sententia,

152 3382 236 3448 quae
258 3357 429 3445 aequalem
450 3357 599 3422 adseruit
621 3355 741 3422 Filium
765 3356 871 3434 Patri;
895 3355 947 3420 vel
969 3355 1125 3446 qualiter,
1138 3353 1274 3443 inquid,

152 3459 278 3548 poterit
304 3483 378 3524 esse
402 3458 493 3524 Patri
519 3458 667 3548 aequalis
697 3459 732 3523 in
766 3471 945 3548 potestate,
977 3457 1034 3546 qui
1065 3457 1111 3522 ait
1142 3459 1278 3526 :Pater

151 3569 258 3628 rasator
282 3586 331 3625 me
356 3562 455 3626 esst?
478 3563 553 3627 Non
572 3573 623 3625 est
641 3586 721 3652 ergo
741 3586 901 3651 aequum,
924 3573 960 3626 ut
982 3560 1012 3625 ei
1031 3558 1150 3624 similis
1176 3557 1276 3624 aesti-

152 3677 271 3743 metur,
294 3663 346 3728 cui
368 3688 403 3728 se
428 3662 591 3728 minorem
614 3663 716 3742 dicit,
744 3665 798 3730 cui
821 3661 957 3730 tristitia
979 3660 1096 3726 mortis
1116 3659 1274 3750 ingemit,

108 3766 203 3831 moui
239 3777 410 3854 postremo
448 3764 595 3831 moriens
634 3765 806 3854 spiritum,
841 3763 937 3854 quasi
980 3763 1070 3828 nulla
1104 3761 1276 3851 praeditus

151 3877 335 3956 potestate,
359 3868 581 3932 commendat.
600 3867 696 3932 Unde
714 3878 823 3955 patet,
844 3888 919 3930 cum
936 3877 970 3929 et
989 3875 1095 3930 aetate
1114 3875 1148 3929 et
1162 3874 1276 3950 potes·

151 3981 218 4033 tate
234 3981 373 4058 paterna
389 3968 564 4034 minorem.
586 3994 603 4030 a
625 3968 676 4034 Ad
693 3970 775 4032 haec
791 3992 853 4058 ego
871 3967 1062 4056 interrogo,
1079 3965 1106 4030 si
1122 3965 1277 4030 credide·

151 4071 206 4150 rit,
225 4073 332 4136 lesum
353 4069 524 4136 Christum
540 4070 644 4135 filium
664 4069 726 4135 Dei
745 4095 830 4150 esse,
850 4069 877 4134 si
893 4069 1103 4157 eundemque
1124 4092 1198 4132 esse
1214 4066 1276 4133 Dei

150 4171 366 4263 sapientiam,
389 4172 416 4237 si
434 4173 563 4252 lumen,
582 4173 595 4263 ll
614 4173 641 4237 si
657 4171 851 4253 veritatem,
874 4172 901 4236 si
921 4171 1037 4253 vitam,
1061 4170 1087 4234 si
1115 4169 1275 4254 iustitiam
1288 4193 1343 4241 Col.
1355 4194 1409 4240 ast.

183 4367 203 4413 l.
223 4366 512 4422 lnbrs,12-13‚15-16.
530 4395 560 4404 —
577 4369 599 4415 ἱ).
618 4368 689 4415 loun.
705 4368 746 4424 ll,
761 4368 799 4414 28.
