3244 5154
352 429 397 474 202
637 426 797 480 fflssffll
813 426 1022 478 TUROMNSIS
1036 427 1187 476 EPlfiGOPl

234 558 289 608 1²01.
301 560 339 608 aa.
351 543 461 631 pimus
481 554 515 606 et
536 542 606 632 regi
624 541 638 632 ll
655 543 881 634 porreximus3
900 545 1088 632 haustoque
1106 568 1217 623 mero,
1245 543 1475 610 valedicentes

351 642 579 710 discessimus.
621 648 691 714 Rex
721 645 821 725 vero,
865 669 1004 710 ascenso
1033 645 1205 734 aequite¹‚
1243 645 1391 713 Parisius
1423 659 1476 712 est

350 769 524 835 regressus
543 771 618 811 cum
639 746 781 836 coniuge
798 759 831 812 et
842 745 910 811 filiu
929 746 980 810 vel
999 771 1097 812 omne
1119 746 1242 812 familia
1257 767 1326 812 sua.

394 929 450 994 Vl.
472 919 549 992 Fuit
566 938 675 990 autem
690 925 777 1014 apud
795 926 913 990 urbem
931 919 1110 992 Niceusem
1126 950 1166 991 eo
1184 939 1335 1015 tempore
1354 929 1474 1017 Hospi-

351 1027 422 1096 eius
440 1026 610 1092 reclausus
630 1023 769 1118 magnae
785 1025 1025 1106 abstinentiae,
1045 1021 1101 1116 qui
1121 1028 1323 1093 constrictus
1344 1026 1474 1096 catenis
1506 1057 1520 1092 5

351 1129 392 1194 ad
411 1153 532 1219 purum
550 1153 672 1220 corpus
689 1127 818 1207 ferreis,
840 1127 959 1193 induto
980 1129 1125 1216 desuper
1141 1126 1265 1207 cilicio,
1282 1125 1367 1194 nihil
1383 1129 1474 1196 aliud

351 1256 450 1321 quam
476 1256 596 1320 purum
627 1255 748 1322 panem
775 1253 848 1295 cum
876 1223 991 1318 paucis
1021 1229 1162 1296 daetalis
1196 1231 1407 1297 comedebat.
1437 1237 1474 1300 ln

351 1333 471 1399 diebus
509 1345 618 1398 autem
658 1325 957 1422 quadragensimae
1005 1328 1047 1396 de
1084 1327 1254 1400 radicibus
1294 1331 1476 1401 herbarum

351 1426 608 1524 Aegyptiarum„
641 1457 722 1522 quas
752 1419 934 1499 heremitae
960 1446 1111 1512 utuntur,
1136 1433 1379 1500 'exhibentibus
1409 1435 1476 1502 sibi

350 1529 634 1626 negotiatoribus,
655 1531 816 1600 alebatur.
844 1539 885 1602 Et
909 1530 1052 1626 primum
1076 1531 1212 1625 quidem
1232 1535 1353 1625 inquo
1374 1561 1475 1604 ooxe-
1492 1566 1521 1604 rc

352 1651 426 1703 rant
443 1637 588 1724 auriens,
609 1631 716 1728 ipsam
737 1639 890 1703 sumebat
902 1637 1130 1726 inposterum.
1145 1641 1284 1728 Magnas
1305 1634 1395 1704 enim
1415 1665 1477 1730 per

352 1765 426 1806 eum
447 1730 609 1806 Dominus
628 1733 768 1806 virtutes
793 1737 950 1830 dignatus
973 1753 1024 1804 est
1046 1765 1196 1830 operare.
1222 1742 1306 1806 Nam
1328 1741 1478 1829 quodam

351 1855 519 1933 tempore,
547 1843 714 1909 revelante
738 1841 801 1906 sibi
826 1837 954 1932 Spiritu
982 1856 1114 1920 sancto,
1141 1842 1320 1908 adventum
1343 1845 1476 1934 Lango-

351 1942 531 2010 bardorum
563 1943 597 2008 in
631 1939 756 2012 Galleis
785 1946 850 2008 hoc
887 1944 987 2008 modo
1025 1941 1193 2033 praedixit
1224 1970 1230 2006 :
1268 1971 1285 2006 «
1315 1944 1474 2026 Venient,

351 2043 486 2134 inquid,
506 2047 717 2136 Langobardi
736 2039 771 2108 in
788 2037 913 2112 Galleis
932 2058 965 2109 et
985 2045 1206 2110 devastabunt
1228 2043 1378 2110 civitates
1397 2072 1476 2136 sep·
1493 2076 1520 2114 rr,

351 2160 435 2226 tem,
467 2173 506 2212 eo
546 2147 636 2237 quod
673 2145 854 2214 increverit
896 2145 1026 2210 malicia
1059 2171 1175 2212 eorum
1213 2145 1248 2211 iu
1289 2161 1477 2238 conspectu

351 2249 506 2331 Domini3
533 2249 611 2340 quia
635 2245 746 2316 nullus
771 2265 821 2316 est
841 2249 1059 2342 intellegens,
1084 2251 1194 2315 nullus
1219 2263 1270 2336 est
1299 2250 1477 2342 requirens

351 2357 475 2432 Deum,
497 2354 608 2420 nullus
624 2351 681 2444 qui
702 2353 799 2420 faciut
820 2356 963 2442 bonum,
989 2377 1054 2441 quo
1084 2352 1132 2418 ira
1151 2351 1212 2417 Dei
1233 2354 1395 2442 placetur.
1417 2358 1485 2420 Est·

217 2453 440 2520 Cottttenim
469 2455 577 2521 omnis
604 2455 748 2546 populus
773 2450 788 2546 ΙΙ
813 2454 977 2533 infidelis,
1006 2455 1163 2546 periuriis
1194 2453 1346 2536 deditus,
1378 2458 1477 2522 furtis

294 2603 299 2612 .
350 2555 533 2636 obnoxius,
552 2557 587 2622 in
602 2557 793 2622 homicidiis
814 2570 1011 2650 promptus,
1035 2556 1076 2621 ad
1092 2556 1214 2645 quibus
1232 2556 1359 2622 nullum
1376 2560 1476 2624 iusti·
1491 2586 1519 2624 aa

350 2655 415 2736 tiae
435 2657 563 2722 fructus
588 2659 778 2724 nullatenus
807 2657 939 2723 crescit.
973 2659 1048 2723 Non
1069 2657 1219 2723 decimae
1246 2658 1380 2738 dantur,
1407 2685 1475 2725 non

349 2781 515 2848 pauperes
533 2758 678 2841 aluntur,
699 2783 767 2824 non
786 2771 946 2849 teguntur
963 2757 1061 2838 nudi,
1083 2784 1149 2824 uon
1168 2759 1338 2850 peregrini
1360 2761 1475 2851 hospi·

350 2857 403 2925 cio
428 2859 637 2949 recipiuntur
666 2873 722 2926 aut
745 2863 829 2948 cybo
857 2859 1063 2925 sufficienter
1085 2858 1258 2926 satiantur.
1286 2861 1365 2926 Ideo
1390 2864 1476 2930 haec

350 2959 448 3050 plaga
481 2963 686 3049 supervenit.
721 2965 818 3030 Nunc
854 2975 964 3027 autem
1002 2961 1078 3028 dico
1103 2961 1202 3046 *vobis
1240 2989 1245 3026 :
1285 2965 1476 3053 Congerete

350 3087 483 3131 omnem
512 3063 732 3130 substantiam
760 3077 903 3130 vestram
933 3063 1018 3129 inira
1052 3089 1221 3129 murorum
1254 3075 1361 3156 septa,
1388 3091 1431 3130 ue
1456 3091 1518 3133 aaa

350 3165 580 3254 Langobardis
606 3166 828 3258 dormiantur,
853 3180 886 3231 et
906 3191 963 3231 vos
987 3167 1080 3256 ipsos
1105 3165 1140 3229 in
1163 3165 1247 3231 locis
1273 3165 1476 3234 firmissimis

332 3269 564 3337 'communite
590 3273 714 3346 »Haec
736 3295 776 3336 eo
801 3270 978 3359 loquente,
1005 3293 1121 3334 omnes
1144 3259 1320 3358 stupefacti
1341 3283 1375 3334 et
1388 3273 1477 3336 vale·

351 3368 516 3447 dicentes,
538 3395 612 3435 cum
634 3396 751 3462 magna
771 3361 991 3436 admiratione
1010 3370 1050 3434 ad
1069 3369 1204 3458 propria
1220 3384 1298 3436 sunt
1315 3371 1472 3462 regressi.

351 3471 525 3560 Monachis
551 3497 684 3561 quoque
705 3472 818 3538 dixit:
850 3499 866 3534 «
889 3468 1062 3536 Abscidite
1091 3484 1124 3536 et
1151 3495 1209 3536 vos
1236 3496 1253 3534 a
1279 3470 1355 3537 loco
1390 3473 1475 3555 isto,

352 3573 540 3636 aul'erentes
554 3573 726 3640 vobiscum
744 3599 828 3664 quae
846 3573 991 3639 habetis.
1013 3577 1098 3638 Ecce
1118 3564 1206 3638 euim
1225 3574 1477 3666 adpropinquat
1492 3605 1518 3642 ae

351 3697 434 3764 gens
454 3698 553 3762 quam
572 3675 741 3764 praedixi!
765 3703 781 3739 a
802 3677 1001 3742 Dicentibus
1018 3674 1211 3740 autemillis
1229 3702 1266 3738 :n
1278 3677 1353 3741 Non
1374 3672 1478 3744 relin-

352 3775 484 3866 quimus
501 3789 547 3855 te,
569 3777 778 3843 sanctissime
790 3790 897 3866 pater,
916 3804 933 3840 a
949 3775 995 3842 ait
1017 3803 1024 3840 :
1042 3804 1058 3838 ι(
1076 3776 1187 3842 Nolite
1202 3778 1320 3842 timere
1338 3791 1480 3870 propter

352 3902 421 3958 me3
447 3879 590 3943 l'uturum
609 3893 660 3944 est
675 3879 816 3970 euimfll
833 3893 870 3944 ut
893 3875 1038 3944 inl'erant
1054 3877 1136 3943 mihi
1151 3875 1309 3956 iniurias,
1332 3879 1391 3944 sed
1407 3905 1480 3947 non

352 3980 524 4044 nocebunt
541 3997 647 4069 usque
668 3982 708 4046 ad
728 3993 881 4047 mortem.
912 4007 929 4043 a
954 3979 1215 4046 Discedentibus
1236 3994 1345 4047 autem
1365 4007 1480 4050 mona·

352 4079 445 4161 ehis,
461 4083 553 4150 uenit
569 4099 653 4173 gens
676 4083 754 4162 illa3
777 4096 810 4147 et
829 4084 908 4147 dum
928 4096 1048 4148 cuneta
1069 4098 1152 4170 quae
1179 4081 1328 4171 repperit
1347 4097 1479 4168 vastat,
1495 4116 1521 4156 a

382 4316 405 4362 1.
424 4317 495 4364 Corr.
508 4315 603 4387 equite.
