3256 5144
433 414 596 463 HISTORIAE
616 413 815 462 r'rtau'ooaou
831 415 926 464 LIBER
944 417 979 462 v:
1218 419 1262 466 157

140 533 236 598 deret
255 530 395 622 gratiam
417 555 526 610 suam,
552 543 590 594 ut
609 555 749 621 regnum
772 555 930 621 accepere
950 533 1068 622 possit.
1090 534 1262 600 Leodastis

140 648 223 700 tunc
235 658 347 700 comes
359 658 434 700 cum
447 634 567 700 multas
581 631 611 698 ei
626 632 661 697 in
675 657 785 699 amore
797 637 822 700 F
826 635 1028 724 redeguudis
1041 635 1180 701 insidias
1193 649 1264 701 ten·

142 738 250 816 deret,
270 735 311 800 ad
330 749 514 808 extremum
527 759 650 825 pueros
669 736 752 816 eius,
771 735 881 824 quiin
901 761 1023 828 pagum
1041 737 1262 833 egrcsllsifue·
1274 741 1328 789 00¹·
1342 741 1396 788 21⁶·

143 850 229 919 rant,
251 838 494 906 circumventos
512 837 616 919 dolis,
637 837 750 929 gladio
770 839 965 919 trucidavit,
982 841 1158 930 ipsumque
1175 843 1262 906 intc-

112 973 125 1011 s
143 942 263 1007 rimere
277 941 429 1030 cupiens,
443 943 470 1006 si
483 942 653 1030 repperire
664 941 739 1007 loco
754 954 921 1030 oportuno
933 942 1109 1031 potuisset.
1125 943 1191 1010 Sed
1207 943 1262 1008 ille
1290 970 1294 979 ¹

144 1043 284 1112 consilio
296 1069 375 1110 usus
391 1043 635 1112 Guntchramni
651 1056 684 1111 et
702 1069 736 1109 se
752 1043 868 1109 ulcisci
880 1045 1088 1126 desiderans,
1102 1046 1263 1113 redeunte

143 1136 1261 1239 Marileifoarcietrodepraesentiaregis,conpraehendipraecipit;

144 1275 343 1340 caesumque
358 1249 564 1342 gravissime,
584 1250 694 1315 ablato
715 1273 795 1315 auro
813 1265 1019 1341 argentoque
1034 1252 1105 1317 eius
1121 1251 1173 1317 vel
1189 1250 1263 1316 reli·

144 1352 348 1441 quisrebus,
366 1377 448 1442 quas
465 1378 578 1419 secum
598 1353 789 1431 exhibebat,
811 1351 936 1420 nudum
950 1353 1086 1443 reliquit
1097 1382 1105 1434 ;
1118 1367 1151 1419 et
1162 1355 1262 1420 iuter·

144 1454 270 1528 ficisset
287 1454 416 1544 utique,
439 1454 549 1521 sinon
570 1454 783 1522 intermunus
802 1455 1012 1520 caedentium
1033 1456 1165 1546 elapsus
1178 1457 1263 1522 ecle-

100 1574 127 1614 ro
144 1555 225 1622 siam
253 1555 444 1647 expetisset.
476 1561 583 1641 Quem
616 1582 678 1622 nos
706 1568 822 1647 postea
853 1555 1006 1624 indutum
1036 1557 1260 1638 vestimentis,

142 1661 279 1726 obtenta
304 1659 383 1739 vita,
416 1663 595 1726 Poetarum
627 1658 825 1726 remisimus.
863 1663 1081 1726 Merovechus
1115 1685 1194 1726 vero
1221 1663 1262 1728 de

142 1775 270 1850 patrem
284 1775 383 1851 atque
399 1787 575 1829 novercam
586 1763 690 1828 multa
699 1761 846 1828 crirnena
858 1762 1076 1852 loquebatur3
1093 1788 1262 1852 quaecum

142 1877 293 1954 exparte
313 1890 390 1930 vera
408 1878 541 1945 essent,
562 1865 683 1945 credo,
704 1877 878 1954 acceptum
894 1890 961 1930 non
982 1865 1101 1930 fuisset
1117 1869 1205 1948 Deo,
1227 1880 1264 1933 ut

141 1967 223 2033 haec
247 1965 389 2032 afilium
414 1967 651 2058 vulgarentur,
677 1967 763 2032 sicut
789 1965 824 2032 iu
855 1967 1073 2056 sequentihus
1107 1967 1260 2059 cognovi.

100 2093 126 2131 rr,
142 2070 312 2152 Quaedam
330 2069 418 2136 enim
438 2069 527 2144 diem
544 2069 586 2136 ad
607 2067 794 2136 convivium
812 2069 883 2135 eius
902 2070 1019 2150 acciti,
1042 2070 1120 2136 dum
1138 2072 1263 2161 pariter
1304 2101 1309 2113 ⁸

143 2170 354 2251 sederemus,
375 2171 573 2260 suppliciter
595 2170 693 2260 petiit
712 2170 822 2260 aliqua
847 2172 888 2236 ad
913 2170 1169 2239 instructionem
1194 2172 1262 2238 ani·

142 2297 214 2338 mae
229 2273 307 2363 legi.
332 2277 402 2364 Ego
415 2298 507 2352 vero,
530 2285 677 2338 reserato
698 2274 887 2340 Salomonis
902 2273 1042 2354 librum,
1062 2275 1263 2342 versiculum

142 2374 200 2464 qui
217 2375 344 2464 primus
368 2375 514 2441 occurrit
532 2374 669 2464 arripui,
689 2375 746 2464 qui
766 2377 849 2441 haec
866 2375 1085 2443 continebat:
1106 2378 1261 2458 Oculum,

141 2484 201 2568 qui
219 2479 377 2544 adversus
393 2492 571 2566 exasperat
578 2491 733 2566 patrem,
750 2478 906 2566 effirdicut
921 2503 993 2543 euro
1011 2485 1102 2548 corvi
1115 2481 1154 2546 de
1168 2481 1263 2548 valli·

97 2606 126 2642 ro
142 2581 202 2646 bas
217 2581 238 2644 ¹.
260 2580 321 2645 lllo
340 2603 474 2668 quoque
490 2604 558 2646 non
576 2577 805 2669 intellegente,
827 2580 1034 2646 consideravi
1055 2583 1144 2648 huno
1162 2580 1263 2647 versi-

143 2681 254 2746 culum
270 2705 288 2748 a
305 2681 451 2748 Domino
469 2693 714 2771 praeparatum.
738 2684 830 2747 Tunc
851 2681 973 2748 direxit
991 2685 1263 2750 Guutchramnus
1289 2706 1292 2720 ¹

142 2809 281 2874 puerum
299 2785 340 2848 ad
357 2785 529 2850 mulierem
542 2784 722 2872 quandam,
733 2783 798 2849 sibi
815 2785 878 2850 iam
897 2785 1065 2875 cognitam
1080 2811 1098 2850 a
1113 2798 1262 2876 tempore

144 2886 358 2953 Chariberthi
378 2885 485 2978 regis,
514 2886 694 2951 habentem
712 2885 865 2974 spiritum
885 2886 1052 2976 phitonis,
1073 2900 1109 2953 ut
1130 2887 1160 2954 ei
1179 2912 1262 2978 quae

145 3002 240 3055 eraut
253 2989 416 3080 ventulra]
434 3000 595 3055 narraret.
607 2988 789 3058 Asserebat
804 3002 989 3078 praeterea,
1001 2990 1107 3080 ipsam
1119 2991 1184 3057 sibi
1198 2993 1263 3056 hoc

98 3120 126 3156 rs
142 3105 275 3183 tempus
293 3093 486 3158 nousclum
513 3115 635 3158 annum
658 3092 716 3158 sed
740 3091 838 3158 etiam
861 3104 894 3158 et
915 3094 1050 3172 horam,
1069 3091 1104 3158 iu
1127 3118 1191 3183 qua
1206 3119 1264 3160 rex

143 3197 360 3262 Charibertus
380 3197 504 3274 obiret,
526 3195 753 3286 denuntiasse.
776 3193 789 3285 ΙΙ
804 3200 895 3280 Quae
911 3197 994 3263 haec
1012 3196 1042 3261 ei
1061 3221 1122 3286 per
1141 3220 1263 3286 pueros
1273 3205 1327 3254 rot.
1340 3207 1370 3254 et
1382 3215 1415 3256 v‘·

144 3298 296 3364 mandata
317 3297 445 3364 remisit
467 3323 474 3362 :
497 3324 514 3360 a
537 3300 698 3364 Futurum
721 3311 773 3364 est
791 3297 897 3379 enirn,
920 3312 956 3363 ut
975 3323 1033 3364 rex
1053 3298 1262 3389 Chilpericus

144 3403 206 3466 hoc
224 3423 312 3465 auno
336 3400 486 3479 deficiat,
513 3412 546 3464 et
567 3401 786 3466 Merovechus
817 3425 889 3480 rex,
919 3401 1062 3468 exclusis
1082 3402 1260 3484 fratribuS,

144 3503 234 3567 omui
259 3501 368 3588 capiat
391 3526 542 3593 regnum.
573 3505 621 3568 Tu
647 3527 726 3568 vero
753 3503 911 3568 ducatum
941 3503 1044 3570 totius
1071 3503 1166 3595 regni
1191 3503 1263 3570 eius

98 3631 126 3668 ro
143 3605 238 3668 anuis
254 3604 403 3692 quinque
420 3605 562 3669 tenebis.
583 3605 684 3670 Sexto
696 3628 774 3671 vero
790 3629 877 3670 anuo
893 3604 927 3670 in
939 3629 1005 3670 una
1021 3605 1165 3688 civitate,
1178 3630 1263 3695 quae

144 3731 244 3796 super
263 3703 391 3795 Ligeris
411 3705 539 3772 alveum
555 3705 616 3770 sita
635 3718 697 3785 est,
716 3705 750 3772 in
769 3707 904 3772 dextera
920 3707 991 3773 eius
1001 3720 1117 3797 parte,
1133 3708 1262 3774 favente

143 3808 285 3900 populo,
311 3807 524 3899 episcopatus
551 3807 692 3899 gratiam
716 3807 881 3898 adepiscis
906 3834 944 3874 ac
970 3809 1059 3878 senis
1086 3823 1119 3876 et
1143 3810 1263 3899 plenus

142 3911 271 3977 dierum
304 3912 435 3976 abhoc
468 3911 593 3977 mundo
621 3909 791 4001 migrabis.
828 3914 1019 4002 »Cumque
1052 3914 1134 3978 haec
1167 3911 1263 4001 pueri

143 4015 320 4079 redeuutes
339 4011 475 4078 domino
498 4014 728 4097 nuntiassent,
761 4013 872 4080 statim
895 4014 950 4080 ille
971 4013 1115 4081 vanitate
1139 4015 1260 4096 elatus,

99 4143 128 4182 aa
142 4114 322 4206 tamssquam
339 4140 374 4180 se
388 4114 500 4182 iamin
519 4115 710 4184 cathedram
723 4115 863 4182 eclesiae
879 4118 1062 4182 Toronicae
1078 4117 1259 4196 resederet,
1274 4134 1328 4185 Cot.
1342 4136 1395 4185 217.

176 4335 198 4383 l.
216 4334 292 4382 Prov.
308 4337 350 4393 30,
366 4336 403 4383 17.
