3256 5144
421 450 584 499 lllSTORIAE
603 449 802 498 FRANCORUM
820 447 915 496 Linea
934 447 961 494 V.
1213 447 1256 494 153

138 566 273 630 redigitur.
286 566 361 622 Quod
373 583 433 615 eum
446 569 541 614 tactum
556 566 657 622 luisset,
670 581 776 614 rursum
791 564 824 613 ad
842 570 961 612 sanctum
975 563 1103 627 templum
1119 578 1256 626 regressus

138 635 182 676 est.
204 629 295 692 Ibique
311 629 406 676 iterum
423 629 501 692 longo
521 629 606 692 spatio
623 634 812 684 commoratus,
831 627 918 674 lumen
940 626 1055 689 recipere
1078 642 1130 673 non
1152 626 1254 673 meruit.

138 690 211 746 Quod
223 691 246 738 ei
258 691 440 800 obpeccatum
453 707 504 739 non
514 692 670 755 praestitum
686 707 745 738 reor
762 690 833 738 iuxta
847 688 913 736 illud
925 689 1083 736 dominicum
1100 687 1254 736 oraculum:

140 753 188 816 Qui
199 752 284 809 labet,
317 753 404 803 abitur
413 755 438 802 ei
448 761 472 803 et
484 753 659 816 taburidacit;
671 760 695 802 et
707 752 752 818 qui
763 768 812 800 non
826 751 910 808 habet,
923 753 1003 825 ipsum
1013 751 1083 814 quod
1094 750 1171 800 habet
1186 753 1256 814 aus'c-

104 826 115 862 .·›
138 820 207 863 retur
216 815 248 862 ab
259 833 288 862 eo
301 816 325 872 1;
340 823 365 864 et
380 817 446 864 illud
461 833 466 864 :
480 819 543 864 Ecce
559 833 637 864 sanim
649 817 734 879 sactae
750 831 787 878 ee,
807 816 859 862 iam
875 813 927 862 noti
964 830 1064 870 eceare,
1084 829 1115 860 ne
1130 813 1192 878 quid
1209 812 1257 860 tibi

138 877 249 927 deterior
260 879 359 928 eveniat
369 881 390 926 2.
401 880 466 927 Nam
478 879 630 943 perstiterat
642 879 684 927 hic
696 879 722 926 in
738 879 857 931 sanitate.
870 875 892 924 si
907 877 936 924 lu
956 891 1032 924 neum
1048 892 1100 924 non
1112 875 1257 923 induxisset

139 957 216 1006 super
232 941 348 989 ditinum
362 941 494 990 virtutem.
513 941 584 989 Talis
598 941 667 989 enim
684 947 709 988 et
728 945 855 988 monetet
869 939 957 1001 arguit
972 938 1123 1002 apostolus,
1146 938 1254 985 dicens:

138 1002 220 1052 Nolite
236 1003 303 1051 enim
322 1003 407 1068 iugum
425 1003 517 1052 ducere
534 1021 589 1050 cum
609 1002 763 1066 infidelibus.
786 1005 857 1066 Quae
873 999 939 1048 enim
957 1000 1124 1065 participatio
1144 999 1256 1048 iustitiae

139 1081 191 1112 cum
205 1065 418 1130 iniquitatesnut
428 1084 494 1130 qiiae
506 1065 613 1114 societas
621 1065 673 1114 luci
685 1083 740 1113 cum
750 1063 878 1114 tenebrae
892 1066 1054 1127 Quaeautem
1062 1062 1255 1110 communicatio

104 1142 125 1179 ‘lu
140 1127 233 1176 Christi
247 1145 302 1175 cum
318 1129 421 1176 Belial?
436 1132 488 1176 Aut
500 1144 566 1192 quac
577 1145 642 1193 pare
657 1127 730 1192 fideli
746 1144 801 1174 cum
814 1125 936 1190 infidele?
953 1126 1004 1198 Qui
1019 1131 1104 1174 autem
1123 1141 1257 1174 consensus

138 1195 184 1237 tem
203 1190 228 1236 lo
239 1189 288 1238 Dei
304 1207 360 1238 cum
377 1191 472 1238 idolis?
498 1195 543 1238 Vos
559 1192 619 1238 estio
640 1191 707 1238 enirn
724 1189 844 1253 templum
858 1187 905 1236 Dei
922 1189 978 1236 νίνι.
994 1191 1130 1252 Propterea
1142 1187 1208 1235 emite
1225 1187 1257 1234 de

138 1207 219 1300 medlo
230 1269 316 1302 eorum
329 1260 353 1302 et
364 1253 520 1316 separamini
531 1254 564 1300 ab
579 1253 631 1310 liis,
647 1255 684 1302 ait
696 1253 818 1301 Dominus
831 1252 851 1300 ³.
866 1251 927 1299 ldeo
938 1249 1030 1300 doceat
1047 1266 1128 1299 unum
1147 1265 1257 1314 nemque

138 1315 309 1364 christianum
321 1317 385 1364 haec
395 1332 487 1370 causa,
505 1323 534 1362 ut
546 1317 649 1380 quando
661 1316 800 1364 caelestem
813 1314 929 1378 accipere
947 1313 1071 1362 meruerit
1087 1267 1255 1370 medicinam,

139 1383 240 1426 terrena
252 1394 303 1426 non
316 1380 432 1442 requirat
445 1379 539 1427 studia.

104 1535 125 1572 ι’»
169 1523 190 1568 7.
208 1522 259 1568 Sed
272 1528 297 1568 ot
310 1521 375 1570 illud
388 1537 590 1570 commemorare
606 1522 681 1580 libet,
696 1523 740 1587 qui
752 1523 794 1569 vel
806 1522 897 1586 quoles
910 1519 960 1569 viri
975 1521 1024 1569 boc
1036 1537 1103 1570 anno
1119 1539 1134 1570 a
1148 1521 1257 1570 Domino

139 1588 197 1629 sunt
213 1583 306 1631 vocati.
322 1584 396 1631 Unde
409 1601 450 1632 mo
472 1601 534 1632 num
546 1601 606 1632 eom
618 1591 643 1632 et
653 1585 704 1632 Deo
718 1599 777 1632 acce
797 1585 906 1632 tabilem
918 1599 967 1647 ego
979 1599 1080 1640 censeo,
1092 1585 1136 1649 qui
1149 1583 1215 1632 tales
1226 1583 1257 1631 de

139 1652 307 1694 nostraterra
321 1662 366 1694 suo
384 1601 507 1710 paradiso
527 1646 673 1696 collocavit.
693 1648 757 1696 Nam
775 1601 926 1696 benedictus
940 1647 1041 1695 Senoch
1060 1647 1198 1712 presbiter,
1213 1646 1258 1710 qui

139 1707 207 1770 apud
215 1708 335 1756 Turonas
347 1712 357 1769 ΙΙ
369 1710 527 1765 morabatur,
543 1709 579 1756 sic
592 1709 716 1773 migravit
725 1726 740 1756 a
748 1709 859 1758 saeculo.
870 1708 1004 1756 Fuitenim
1012 1725 1105 1773 genere
1113 1708 1255 1772 Tbeilalus‚
1268 1716 1323 1765 (101,
1337 1717 1391 1766 211,

139 1777 162 1816 et
174 1769 200 1817 in
212 1770 341 1818 Turonico
351 1771 461 1820 clericus
473 1774 565 1827 laetus,
576 1772 603 1819 in
615 1772 751 1830 cellulam,
765 1789 844 1837 quam
855 1771 913 1835 ipse
929 1771 997 1819 inter
1011 1773 1123 1836 parietes
1137 1771 1258 1835 antiquos

100 1848 125 1884 2¹⁰
138 1840 328 1896 composuerat,
341 1850 367 1881 se
380 1834 505 1891 removit;
518 1834 686 1944 collectisque
697 1836 839 1892 monacbis,
851 1833 1003 1889 oratorium,
1021 1835 1090 1899 quod
1102 1835 1185 1883 multo
1196 1841 1258 1881 tem-

138 1909 199 1956 pore
210 1895 327 1942 dirutum
340 1898 438 1952 luerat,
459 1898 599 1960 reparavit.
620 1897 631 1944 l
651 1913 692 1945 em
712 1914 791 1961 super
809 1897 926 1946 infirmos
943 1896 1039 1944 multas
1055 1897 1165 1945 virtutes
1185 1896 1256 1952 lecit,

139 1972 202 2018 (liras
212 1957 240 2004 in
253 1957 322 2006 libro
334 1959 403 2008 vitae
416 1959 471 2007 eius
485 1960 648 2023 scripsimus.

181 2112 209 2176 V
230 2110 285 2197 (8)
305 2113 352 2176 Eo
367 2125 518 2201 tempore
536 2114 652 2179 beatus
665 2117 850 2180 Germanus
865 2113 1068 2179 Parisiorum
1080 2115 1257 2202 episcopus

138 2211 281 2278 transiit.
305 2217 341 2279 ln
366 2214 459 2280 cuius
487 2215 653 2304 exsequiis
677 2215 788 2280 multis
813 2216 1008 2295 virtutibus,
1031 2240 1113 2304 quas
1134 2216 1168 2280 in
1189 2241 1259 2282 cor·

101 2337 125 2374 a
139 2337 220 2402 pore
239 2329 410 2405 gesserat,
435 2319 499 2382 hoc
522 2317 716 2384 miraculum
744 2318 1031 2384 confirmationem
1057 2319 1146 2386 lecit.
1176 2321 1259 2386 Nam

140 2417 341 2482 eareararios
366 2419 589 2484 adclamantes
613 2445 734 2510 carpus
755 2420 788 2484 in
813 2421 922 2510 platea
944 2420 1157 2510 adgravatam
1191 2435 1257 2500 est,

141 2518 324 2610 salutisque
338 2523 476 2602 eisdem,
496 2548 626 2588 rursum
645 2524 717 2588 sine
738 2523 852 2588 labore
867 2523 1004 2588 levatur.
1035 2525 1102 2613 lpsi
1127 2548 1260 2614 quoque

142 2623 196 2709 qiu
213 2623 312 2688 soluti
330 2625 459 2691 sacrant
479 2628 513 2690 in
534 2627 733 2715 obsequium
751 2625 876 2691 funeris
896 2650 1001 2714 usque
1018 2626 1050 2691 in
1067 2626 1258 2705 basilicam,

144 2723 254 2814 inqua
278 2729 427 2816 sepultus
453 2743 521 2809 est,
547 2728 679 2794 liberati
699 2742 934 2818 pervenerunt.
964 2729 1015 2794 Ad
1046 2731 1259 2818 sepulchrum

106 2849 130 2884 m
145 2840 251 2893 autem
282 2830 353 2896 eius
376 2833 495 2898 multas
520 2835 679 2914 virtutes,
704 2833 847 2898 Domino
875 2832 1061 2912 tribuente,
1085 2833 1260 2898 credentes

144 2933 370 3020 experiuntur,
388 2934 433 2998 ita
449 2947 485 2999 ut
505 2937 646 3025 quisque
665 2939 751 3001 iusta
771 2935 908 3024 petierit
930 2933 1091 2999 velociter
1107 2947 1260 3022 exoptata

145 3048 302 3124 reportet.
322 3037 404 3119 Quis
427 3051 537 3102 tamen
561 3051 716 3104 strenuus
739 3038 879 3103 virtutes
899 3039 1007 3116 illius,
1031 3061 1113 3126 quas
1132 3038 1165 3100 in
1187 3061 1260 3101 eor-

144 3164 224 3228 pore
240 3137 332 3217 fecit,
351 3139 493 3204 sollicite
510 3142 579 3206 vult
592 3141 802 3232 inquaerere,
815 3141 937 3205 librum
953 3139 1038 3204 vitae
1054 3138 1156 3218 illius,
1173 3141 1228 3227 qui
1245 3166 1261 3202 a

144 3247 325 3308 Fortunato
346 3245 535 3330 presbitero
560 3244 755 3332 conpositus
773 3257 835 3322 est,
856 3244 985 3332 legens,
1003 3255 1122 3306 cuncta
1141 3265 1262 3330 reppe-

106 3360 217 3412 :surlet

173 3529 197 3574 9.
209 3526 307 3574 Eodem
318 3542 421 3600 quoque
433 3542 501 3573 anim
518 3533 543 3573 et
562 3526 682 3590 Caluppa
695 3527 829 3574 reclausus
846 3526 919 3574 obiit.
937 3526 984 3574 Hic
1002 3533 1089 3574 autem
1101 3527 1135 3574 ab
1152 3527 1262 3575 infantia

145 3607 192 3636 sira
204 3604 307 3652 semper
317 3588 457 3652 religiosus
472 3590 528 3645 snit,
542 3595 568 3635 et
579 3589 649 3652 apud
664 3589 851 3637 monasterium
864 3589 1020 3636 Melitensim
1032 3589 1135 3637 termini
1154 3590 1261 3637 Arverni

145 3667 294 3726 ‹tanrersus,
304 3651 330 3698 in
341 3667 437 3715 magna
450 3669 477 3699 se
489 3652 636 3699 humilitate
649 3652 774 3699 fratribus
787 3651 916 3714 praebuit,
930 3652 996 3699 sicut
1008 3652 1034 3699 in
1047 3651 1115 3698 libra
1126 3651 1193 3698 vitae
1207 3652 1262 3699 eius

146 3729 308 3778 seripslmus.

106 3873 130 3910 tu
175 3856 212 3904 10.
227 3855 286 3902 Fuit
298 3861 383 3902 autem
394 3855 421 3901 in
435 3853 553 3917 Biturigo
562 3853 673 3900 termino
689 3853 823 3901 reclausus
838 3855 941 3902 nomine
954 3855 1099 3908 Patroclus,
1112 3855 1261 3919 presbiterii

145 3919 241 3968 bonore
254 3917 402 3981 praeditus,
417 3917 498 3964 mirac
512 3916 658 3964 sanctitatis
675 3931 705 3963 ao
724 3916 872 3980 religionis,
893 3917 933 3964 vir
952 3933 994 3965 ma
1016 3933 1062 3965 aue
1075 3917 1260 3972 abstinentiae,

144 3980 187 4044 qui
201 3982 356 4053 plerumque
368 3980 401 4027 ab
414 3979 500 4026 inedia
520 3978 631 4025 diversis
646 3978 817 4026 incommodis
835 3979 986 4028 vexabatur.
996 3934 1102 4036 linum,
1125 3979 1206 4028 sicera
1222 3982 1262 4028 vel

144 4057 218 4091 omae
230 4041 300 4107 quod
313 4042 442 4090 inebriare
455 4047 542 4104 potest
552 4057 603 4088 non
616 4039 723 4088 bibebat
734 4049 838 4104 praeter
849 4057 944 4106 aquam
957 4057 1099 4106 parumper
1113 4043 1189 4089 melle
1201 4042 1262 4091 lini·

145 4113 211 4164 tum;
232 4105 276 4153 sed
294 4120 342 4152 nec
361 4105 525 4167 pulmentum
542 4103 575 4151 ali
597 4110 642 4152 uot
653 4103 783 4152 utebatur.
799 4103 878 4151 Cuius
892 4103 976 4152 victus
993 4111 1049 4152 erat
1064 4105 1140 4167 panis
1155 4105 1181 4151 in
1195 4122 1262 4169 aqua

105 4189 130 4226 45,
145 4169 246 4217 inlusus
258 4174 336 4231 atquo
350 4167 417 4230 saule
436 4119 674 4230 respersusiliuius
684 4166 752 4213 oculi
766 4182 909 4230 numquam
920 4166 1108 4229 caligaverunt.
1120 4167 1183 4214 Erat
1194 4168 1263 4215 enim
1273 4161 1327 4210 Col·
1343 4165 1395 4210 212·

177 4347 197 4396 1.
212 4347 454 4404 Matih.ta‚12‚-
470 4349 492 4396 ἱ),
511 4348 581 4396 loen.
596 4348 719 4407 5,1!i.-
734 4349 755 4394 3.
776 4347 807 4394 ll.
820 4347 878 4395 Cor.
892 4349 918 4403 t,
934 4347 1017 4396 iti-17.
