3226 5156
353 421 398 474 roe
426 408 433 428 '
636 423 793 476 enneouu
811 423 1018 474 tunonensis
1036 425 1185 480 eriscorl

352 541 519 625 humilier,
558 542 616 606 sed
652 540 764 630 potius
793 541 933 606 exaltata
971 540 1096 608 servire
1123 541 1254 607 fidelius
1279 565 1423 631 possem,
1451 567 1468 604 n

353 647 450 730 Quod
471 645 527 709 ille
547 642 704 724 audiens,
722 669 797 709 cum
816 655 905 710 esset
921 643 1060 712 nimium
1078 645 1285 725 luxoriosus,
1307 644 1342 709 in
1359 668 1470 710 amore

352 746 542 838 Aregundis
557 747 686 812 incedit
702 753 735 812 et
752 748 792 812 ad
803 745 931 826 villam,
951 747 986 812 in
1003 773 1066 838 qua
1086 749 1160 838 ipsa
1175 749 1366 827 resedebat,
1387 746 1469 812 diri-

352 851 417 942 git,
436 875 573 940 eamque
592 849 656 915 sibi
676 851 711 915 in
737 849 948 916 matrimonio
972 851 1118 918 sociavit.
1144 856 1236 935 Quae
1256 863 1410 940 accepta,
1427 851 1468 914 ad

353 954 538 1044 lugundem
554 952 706 1041 rediens,
729 952 774 1018 ait
791 980 798 1017 :
817 979 834 1016 u
847 954 998 1029 Tractavi
1010 955 1198 1021 mercedem
1207 954 1297 1022 illam
1315 953 1466 1042 implere,
1487 977 1502 1013 5

353 1081 450 1150 quam
470 1079 523 1120 me
538 1055 595 1122 tua
611 1054 747 1121 dulcido
763 1055 913 1144 expetiit.
940 1059 987 1128 Et
1009 1057 1193 1148 requirens
1202 1058 1309 1122 virum
1332 1054 1470 1124 divitem

353 1161 452 1250 atque
481 1157 682 1248 sapientem,
710 1183 808 1248 quem
834 1170 910 1236 tuae
943 1160 1050 1226 sorori
1086 1157 1244 1232 deberem
1272 1147 1467 1247 adiungere,

353 1261 437 1328 nihil
455 1261 576 1327 melius
598 1250 697 1350 quam
719 1283 772 1345 me
794 1260 904 1348 ipsum
927 1260 1051 1340 inveni.
1078 1263 1193 1352 ltaque
1215 1259 1360 1340 noveris,
1393 1256 1470 1348 quia

354 1388 425 1428 eam
441 1365 621 1454 coniugem¹
634 1363 765 1452 accepi,
778 1357 878 1452 ,quod
891 1361 955 1430 tibi
970 1362 1150 1452 displicere
1170 1387 1237 1427 non
1255 1362 1367 1436 credo.
1390 1387 1406 1424 u
1427 1362 1472 1426 At

354 1467 434 1533 illa:
458 1493 475 1530 u
492 1466 590 1552 Quod
605 1465 749 1544 bonum,
767 1462 1054 1554 inquid‚.videtur
1068 1464 1226 1536 inoculis
1239 1463 1366 1530 domini
1386 1463 1468 1544 mei,
1490 1490 1519 1530 to

354 1568 469 1648 facian
490 1581 619 1634 tantum
644 1566 764 1634 ancilla
779 1579 835 1632 tua
850 1563 925 1633 curn¹
940 1567 1046 1658 gratia
1061 1567 1150 1659 regis
1166 1567 1264 1634 uvat.
1286 1593 1303 1630 n
1322 1567 1471 1634 (1111111111-

354 1672 422 1736 rius
436 1696 526 1751 vero,
547 1672 733 1736 Chramnus
750 1683 849 1760 atque
867 1671 1077 1738 Childericus
1094 1663 1224 1738 vivente
1240 1682 1334 1760 patre
1349 1670 1472 1736 mortui

354 1786 441 1839 sunt.
455 1775 587 1840 Exitum
599 1797 677 1838 vero
694 1773 853 1839 Chramni
866 1773 900 1840 in
911 1787 1082 1863 posterum
1094 1773 1282 1840 scribimus.
1300 1773 1472 1839 Alboeuus

353 1899 486 1966 quoque
517 1901 575 1941 rex
605 1876 900 1966 Langobardorum
932 1875 1207 1956 Chlothsindam,
1240 1875 1340 1952 liliam
1367 1876 1469 1964 regis,

354 1978 493 2068 aceepit.
517 1977 611 2044 Obiit
632 1991 740 2062 autem
758 1978 944 2046 Iniuriosus
964 1981 1141 2070 episeopus
1165 1978 1259 2044 urbis
1286 1976 1471 2044 Toronicae
1490 2003 1518 2040 ιτ»

353 2081 483 2146 decimo
508 2093 542 2146 et
561 2081 704 2170 septimo
724 2083 937 2172 episcopatus
960 2085 1010 2148 sui
1029 2107 1134 2163 ann03
1160 2082 1213 2148 cui
1236 2080 1407 2148 Baudinus
1430 2105 1472 2146 ex

353 2184 538 2250 domestico
561 2183 798 2250 Chlothachari
825 2185 913 2276 regis
933 2183 1111 2267 successit,
1136 2185 1284 2252 decimus
1305 2197 1337 2250 et
1358 2195 1471 2252 sextus

354 2288 568 2376 postobitum
586 2287 675 2353 beati
691 2287 839 2354 Martini.

398 2470 470 2534 llll.
487 2469 623 2536 Chanao
643 2492 777 2557 quoque
796 2469 1022 2543 Brittanorum
1040 2491 1151 2533 comes
1168 2481 1236 2534 tres
1253 2468 1471 2538 fratressuos

352 2567 530 2636 interfecit.
548 2571 673 2651 Volens
689 2583 797 2636 autem
818 2571 927 2653 adhuc
945 2565 1140 2636 Maeliavum
1160 2570 1369 2655 interfecere,
1382 2595 1471 2636 con·
1487 2599 1518 2638 20

352 2675 575 2764 praehensum
600 2686 700 2762 atque
726 2672 853 2756 catenis
876 2686 1055 2740 oneratum
1068 2673 1103 2737 in
1134 2697 1266 2738 carcere
1287 2673 1467 2740 retinebat.

353 2779 417 2861 Qui
431 2801 492 2866 per
515 2773 660 2844 Felicem
678 2770 911 2858 Namneticum
929 2775 1124 2865 episcopum
1142 2801 1166 2854 a,
1177 2789 1284 2842 morte
1305 2777 1469 2850 liberatus

353 2892 414 2944 est.
435 2881 516 2948 Post
527 2880 610 2944 haec
625 2879 745 2944 iuravit
760 2872 853 2944 ¹fratri
871 2903 948 2960 suo,
963 2891 1000 2944 ut
1020 2878 1050 2944 ei
1067 2879 1174 2945 fidelis
1192 2893 1297 2960 esset3
1318 2881 1376 2945 sed
1391 2903 1470 2948 nes-

353 2985 404 3049 cio
417 3006 483 3071 quo
504 3005 580 3047 casu
598 2994 840 3047 sacramentum
862 2981 1054 3070 inrumpere
1071 2982 1187 3048 voluit.
1211 2983 1309 3066 Quod
1334 2985 1470 3049 Chanao

353 3083 517 3166 sentiens,
539 3084 668 3162 iterum⁴
683 3108 757 3149 eum
779 3087 1055 3176 persequebatur.
1085 3085 1218 3166 atille,
1245 3109 1319 3151 oum
1339 3111 1374 3152 se
1398 3110 1470 3152 eva·
1485 3111 1515 3151 aa

352 3188 431 3253 dere
445 3211 633 3278 nonlposse
644 3185 789 3270 videret,
811 3199 888 3275 post
907 3185 1006 3252 alium
1027 3188 1187 3254 comitem·
1208 3187 1357 3280 regionis
1377 3188 1469 3254 illius

218 3311 272 3360 Col.
287 3311 340 3358 ter.
351 3291 452 3380 fugit,
472 3289 607 3371 nomi-ne
622 3287 636 3378 l}
652 3291 908 3363 Chonomorem.
920 3292 963 3355 ·ls
984 3313 1058 3356 cum
1075 3291 1216 3356 sentiret
1234 3303 1468 3382 persecutores

352 3393 423 3457 eius
452 3391 738 3481 adpropinquare,
765 3393 834 3457 sub
857 3404 946 3457 terra
967 3417 1040 3457 eum
1065 3391 1099 3457 in
1127 3393 1238 3462 loculo
1270 3394 1467 3474 abscondit,

353 3518 548 3583 conponens
563 3494 708 3584 desuper
727 3519 767 3560 ex
788 3519 879 3560 more
898 3496 1060 3560 tumulum
1080 3521 1283 3587 parvumque
1307 3496 1336 3561 ei
1362 3498 1469 3588 spira-

353 3595 462 3663 colum
482 3621 671 3678 reservans,
690 3597 779 3664 unde
793 3598 899 3662 halitu
921 3622 1089 3664 resumere
1108 3599 1225 3689 possit.
1255 3597 1469 3665 Advenienti·
1484 3627 1513 3666 ro

354 3703 415 3766 bus
450 3711 559 3764 autem
598 3701 869 3788 persecutoribus
900 3699 988 3780 eius,
1021 3701 1177 3772 dixerunt
1211 3729 1217 3766 :
1248 3729 1264 3766 (1
1299 3703 1385 3768 Ecce
1413 3702 1470 3768 hic

354 3802 534 3870 Maeliavus
551 3815 700 3882 mortuus
715 3816 814 3894 atque
830 3803 980 3894 sepultus
1000 3807 1097 3870 iacet.
1120 3832 1137 3869 1)
1159 3805 1257 3889 Quod
1270 3803 1319 3870 illi
1335 3805 1470 3872 audien·

201 3918 254 3967 Fol.
266 3921 342 3966 teve
354 3920 404 3971 tes
420 3917 518 3995 atque
537 3904 721 3996 gaudentes
741 3918 774 3971 et
794 3931 893 3996 super
910 3908 1070 3973 tumolum
1094 3907 1187 3973 illum
1201 3907 1375 3988 bibentes,
1389 3905 1470 4000 11111-

354 4010 592 4074 nuntiaverunt
605 4008 696 4074 fratri
717 4033 791 4074 eum
805 4024 970 4082 mortuum
984 4035 1067 4076 esse.
1083 4010 1142 4076 llle
1160 4009 1312 4090 audiens,
1330 4035 1469 4101 regnum

356 4111 426 4177 eius
443 4111 611 4202 integrum
632 4111 772 4201 accepit.
796 4113 878 4178 Nam
890 4137 1022 4202 semper
1032 4112 1177 4178 Brittani
1187 4113 1248 4178 sub
1266 4115 1469 4180 Francorum
1485 4141 1513 4180 cs

355 4227 554 4304 potestatem
568 4228 646 4306 post
662 4214 789 4288 obitum
811 4215 899 4306 regis
919 4214 1146 4282 Chlodovechi
1158 4213 1306 4298 luerunt,
1322 4227 1355 4280 et
1369 4217 1470 4282 comi·

356 4329 422 4395 tes,
442 4341 622 4407 nonroges
643 4317 799 4409 appellati
823 4331 909 4386 sunt.
932 4317 1111 4386 Maeliavus
1130 4329 1237 4384 eutem
1257 4317 1364 4386 desub
1381 4329 1469 4385 terra
