3226 5156
346 453 349 462 ’
381 449 425 496 llo
614 487 617 493 ,
663 444 820 494 GREGORll
838 445 1045 494 TURONENSIS
1064 447 1214 498 EPISCOPI
1240 521 1242 528 Ι

374 589 493 642 meus,
516 575 550 628 et
567 561 736 627 videamus
756 585 818 626 nos
838 575 871 626 et
894 561 1059 651 pacificati
1082 589 1322 654 persequamur
1349 567 1496 657 Sigiber-

380 680 450 733 tum
475 664 646 732 inimicum
669 677 834 730 nostrum.
859 665 991 748 »Quod
1012 689 1086 730 cnm
1104 665 1221 732 fuisset
1239 669 1374 750 lactum,
1395 695 1497 759 seque

380 769 542 835 vidissent
565 792 602 832 ac
620 767 814 832 muneribus
839 769 1078 847 honorassent,
1100 783 1266 834 commoto
1287 770 1497 860 Chilpericus

381 871 528 938 exercitu
556 893 667 960 usque.
693 873 815 936 Remus
854 872 1011 949 accessit,
1045 884 1164 936 cuneta
1188 872 1373 938 incendens
1399 887 1496 964 atque
1597 963 1598 966 Ἴ

342 1027 345 1031 .
380 973 564 1038 debellans.
605 972 702 1055 Quod
736 971 875 1038 audiens
909 974 1125 1060 sygibertus,
1144 975 1274 1040 iterum
1307 976 1521 1041 convocatiss
1597 999 1598 1024 r

369 1073 537 1166 gentibus
560 1073 646 1152 illis,
669 1099 807 1164 quarum
836 1099 934 1164 supra
952 1075 1144 1140 memoriam
1166 1077 1323 1160 fecimus,
1350 1078 1498 1144 Parisius
1597 1067 1598 1116 3

379 1177 470 1242 venit
489 1190 522 1242 et
537 1190 652 1243 contra
669 1177 804 1242 fratrem
829 1201 923 1242 suum
947 1177 995 1242 ire
1014 1177 1181 1266 disponit,
1206 1179 1341 1245 mittens
1362 1182 1499 1247 nuntios
1597 1171 1598 1232 l

381 1279 596 1345 Duneusibus
616 1280 668 1344 vel
697 1279 884 1360 Toronicis,
919 1293 956 1344 ut
989 1293 1104 1346 contra
1130 1282 1459 1349 Theudoberthum'
1451 1311 1499 1350 rre
1597 1363 1598 1374 χ

371 1383 554 1448 deberent.
589 1382 686 1467 Quod
717 1381 765 1448 illi
798 1383 1067 1462 dissimulantes,
1097 1408 1156 1448 rex
1187 1386 1435 1482 Godegyselum
1468 1401 1500 1452 et
1597 1379 1598 1394 ¹

246 1495 300 1542 Col
313 1495 366 1544 194
382 1482 682 1573 Guntllchramnum
705 1485 839 1551 duces
831 1510 865 1552 111
883 1487 992 1574 capite
1008 1484 1143 1576 derigit.
1167 1487 1231 1570 Qui
1250 1502 1500 1562 commoventes
1516 1515 1540 1554 n

383 1589 580 1666 exercitum,
612 1588 652 1652 ad
680 1611 754 1653 eum
792 1601 947 1678 pergunt.
983 1588 1026 1654 At
1057 1587 1114 1653 ille
1143 1589 1325 1655 derelictus
1350 1615 1367 1656 a
1396 1591 1466 1656 suis
1472 1592 1501 1682 ,ll

264 1697 457 1756 F01·58·.·cum
487 1689 608 1778 paucis·
633 1690 809 1771 remansit,
843 1690 902 1755 sed
933 1703 1044 1755 tamen
1068 1691 1121 1756 ad
1154 1691 1278 1757 bellum
1308 1693 1397 1758 exire
1431 1719 1499 1759 non

380 1791 523 1857 dubitat.
542 1795 699 1858 Ineuntes
715 1807 824 1858 autem
838 1791 1022 1881 proelium,
1046 1794 1302 1860 'lheodobertus
1323 1797 1449 1862 evictus
1466 1798 1500 1862 in
1597 1815 1598 1858 l

371 1917 497 1983 ,campo
520 1894 757 1983 prosternitur,
779 1907 812 1960 et
838 1897 878 1960 ab
902 1897 1056 1960 hostibus
1073 1895 1224 1960 exanime
1248 1921 1386 1986 corpus,
1409 1900 1502 1988 quod

369 1995 446 2061 dici
462 1996 560 2061 dolor
579 2010 642 2077 est,
656 1998 827 2086 spoliatur.
844 1999 937 2062 Tunc
953 1999 993 2063 ab
1013 1998 1158 2064 Aunulfo
1176 1999 1320 2088 quodam
1333 2001 1502 2067 ‘collectus
1517 2028 1540 2066 n
1597 2007 1598 2076 l

304 2163 306 2168 .
380 2098 579 2188 ablutusque
595 2122 632 2163 ac
652 2098 764 2190 dignis
783 2099 932 2164 vestibus
957 2112 1009 2164 est
1028 2102 1166 2166 indutus
1187 2115 1220 2166 et
1236 2101 1276 2165 ad
1299 2102 1501 2168 Colosinen-
1597 2117 1598 2200 l

369 2227 449 2266 sem
468 2201 635 2267 civitatem
652 2202 814 2291 sepultus.
836 2202 1047 2291 Chilpericus
1067 2229 1145 2268 vero
1162 2229 1385 2294 cognuseens,
1408 2208 1501 2295 qnod
1597 2205 1598 2256 l

379 2304 500 2370 iterum
525 2329 559 2368 se
588 2306 859 2372 Guntchramnus
893 2330 967 2372 cum
993 2308 1172 2398 Sygiberto
1205 2306 1435 2395 pacificasset,
1465 2335 1502 2373 se

380 2405 463 2472 infra
479 2407 724 2472 Thornacensis
736 2431 848 2475 muros
869 2433 944 2474 cum
958 2432 1060 2474 uxore
1077 2422 1110 2474 et
1129 2408 1206 2474 filiis
1226 2409 1453 2476 communivit.

370 2572 372 2575 ’
424 2565 557 2630 XXXVI
583 2563 658 2651 (5l).
688 2567 725 2628 ln
747 2569 787 2629 eo
810 2589 897 2628 anno
919 2565 1030 2656 fulgor
1056 2589 1117 2653 per
1139 2565 1266 2646 eaelum
1291 2565 1541 2632 'discurrissem

379 2665 468 2730 visus
492 2678 559 2744 est,
588 2663 674 2731 sicut
696 2667 864 2756 quondam
892 2680 967 2731 ante
996 2679 1134 2730 mortem
1161 2667 1354 2732 'Chlotharii
1379 2669 1502 2734 factum

379 2766 533 2832 vidimus.
566 2768 763 2857 Sygibertus
789 2793 885 2847 vcro,
918 2771 1065 2834 obtentis
1092 2769 1281 2834 civitatibus
1305 2769 1389 2850 illis,
1416 2795 1503 2860 quae

380 2865 462 2933 citra
484 2869 630 2935 Parisius
658 2883 736 2934 sunt
762 2871 911 2959 positae,
950 2896 1055 2962 usque
1083 2873 1356 2964 Rotomagensim
1383 2876 1502 2939 urbem
1597 2877 1598 2948 i

381 2970 533 3051 accessit,
559 2971 674 3036 volens
693 2973 826 3038 easdem
852 2975 952 3038 urbes
977 2973 1130 3038 hostibus
1152 2974 1304 3040 caedere.
1336 2976 1433 3058 Quod
1459 3001 1501 3040 ne
1597 2965 1598 3038 l

380 3075 521 3153 laceret,
555 3097 572 3138 a
608 3073 674 3138 suis
708 3075 910 3163 prohibitus.
944 3078 1107 3166 Egressus
1137 3076 1235 3154 inde,
1267 3077 1414 3143 Parisius
1449 3091 1540 3144 estas

379 3176 569 3266 ingressus3
605 3175 719 3266 ibique
745 3178 786 3242 ad
817 3203 892 3243 eum
924 3177 1159 3244 Brunechildis
1184 3204 1258 3244 oum
1286 3180 1362 3245 liliis
1396 3182 1498 3246 venit.
1597 3207 1598 3262 l

380 3281 473 3342 Tunc
496 3277 629 3356 Franci,
664 3277 720 3368 qui
746 3280 914 3368 quondam
942 3280 987 3346 vad
1018 3281 1270 3346 Childebertum
1304 3297 1502 3372 aspexerant
1597 3283 1598 3340 l

381 3378 567 3458 seniorem,
599 3380 640 3444 ad
667 3380 881 3472 Sygibertum
905 3383 1106 3474 legationem
1134 3383 1286 3463 mittunt,
1318 3397 1355 3449 ut
1379 3385 1420 3450 ad
1443 3411 1501 3452 eos
1597 3379 1598 3424 l

379 3480 537 3561 veniens,
555 3481 717 3547 derelicto
733 3481 941 3574 Chilperieo,
961 3512 1062 3576 super
1083 3487 1242 3576 seipsum
1264 3512 1375 3578 regem
1396 3489 1501 3555 stabi-

373 3582 490 3672 lirent.
513 3583 571 3648 Ille
587 3609 665 3649 vero
685 3586 767 3650 haee
784 3586 934 3667 audiens,
951 3589 1107 3678 misitque
1128 3589 1184 3679 qui
1202 3591 1333 3655 fratrem
1351 3615 1445 3656 suurn
1466 3593 1500 3656 in
1515 3618 1541 3654 ao

382 3708 481 3775 supra
507 3700 686 3750 memorata
712 3687 844 3754 civitate
878 3691 1084 3775 obsiderent,
1108 3692 1179 3780 ipse
1208 3691 1288 3757 illuc
1319 3717 1500 3782 properare

381 3789 583 3853 deliberans.
608 3788 669 3853 Cui
693 3803 828 3857 sanctus
851 3796 1037 3860 Germanus
1060 3795 1239 3883 episcopus
1264 3794 1348 3860 dixit
1376 3821 1382 3859 :
1412 3823 1428 3858 a
1465 3797 1499 3862 Si

372 3889 503 3955 ‘abieris
524 3902 562 3957 et¹
576 3889 711 3955 fratrem
730 3906 823 3958 tuum
844 3894 1033 3961 interlicere
1054 3895 1214 3975 nolueris,
1239 3896 1330 3962 vivus
1346 3910 1379 3962 et
1394 3899 1502 3963 victor

382 3991 488 4070 redis,
509 3989 560 4055 sin
578 4004 687 4056 autem
706 3992 796 4058 aliud
811 3994 1022 4085 cogitaveris,
1036 3997 1200 4063 morieris.
1217 3997 1273 4064 Sic
1285 3997 1373 4062 enim
1389 3999 1500 4064 Domi-

382 4118 444 4158 nus
460 4117 521 4183 pcr
541 4095 753 4161 Salomonem
769 4096 853 4162 dixit
874 4124 880 4162 :
899 4101 1039 4164 Foveam
1055 4125 1140 4190 quae
1152 4101 1259 4191 fratri
1277 4116 1331 4166 tuo
1342 4104 1498 4191 parabis,
1515 4129 1541 4168 as

382 4203 415 4260 in
444 4221 484 4260 eo
505 4199 678 4262 conruesl.
716 4200 813 4282 Quod
843 4198 917 4282 ille,
950 4203 1097 4291 peccatis
1132 4202 1350 4283 facientibus,
1385 4205 1501 4270 audire

1597 4861 1598 4896 l
