3226 5156
395 491 559 547 IIIS'I'ORIAE
577 492 776 548 FRANCORUM
794 493 890 546 LIBER
906 498 949 545 IV.
1183 499 1225 546 131

109 625 244 704 temque
268 614 441 696 victorias·;
478 629 529 695 et,
553 617 642 706 quod
673 615 829 686 omnibus
860 613 1087 704 supereminet
1115 615 1225 694 bonis,

110 737 182 780 esse
197 715 407 782 verissimum
423 718 652 783 christianum.
676 717 828 806 Denique
850 716 1048 807 Sigybertus
1060 740 1121 782 rex
1140 717 1227 807 lega-

110 830 162 882 tos
182 818 223 883 ad
247 821 410 886 Iustinum
434 820 668 910 imperatorem
686 819 795 900 misit,
821 844 937 909 paoem
963 831 1101 909 petens,
1118 819 1154 885 id
1178 832 1229 884 est

109 921 332 989 Warmarium
358 926 522 988 Francum
545 936 577 989 et
599 923 782 990 Firminum
807 923 1003 986 Arvernum.
1025 921 1090 1005 Qui
1110 933 1229 986 euntes

81 1049 94 1086 3
111 1035 226 1089 333333
245 1025 372 1104 333313,
391 1017 796 1116 Constantinopolitanam
818 1038 895 1090 sunt
910 1025 1027 1090 urbem
1040 1022 1199 1115 ingressi,
1217 1019 1230 1115 l}

111 1125 282 1216 locutique
305 1140 417 1218 tamen
438 1154 512 1194 cum
534 1130 755 1242 imperatore,
777 1152 862 1217 quac
872 1126 1050 1242 petierunt
1073 1124 1294 1191 obtinue-Fol.
1308 1145 1346 1192 at.

31 1287 35 1294 .
112 1241 199 1294 runt.
226 1233 263 1295 In
290 1228 405 1294 aliurn
415 1237 537 1297 annum
558 1230 593 1294 in
606 1221 740 1297 Galliis
766 1242 848 1294 3333
865 1223 1021 1320 regressi
1017 1223 1125 1294 Post
1147 1229 1229 1292 haec

111 1343 220 1396 autem
243 1321 420 1397 'Anthiodia
439 1333 581 1424 AEgypti
597 1341 633 1398 'et
639 1331 821 1422 'Apamiae
828 1330 951 1420 Syriae
970 1329 1130 1395 maximae
1150 1329 1230 1395 civi-

111 1421 346 1500 tatesaPersis
360 1437 475 1524 captae
488 1449 579 1514 3333,
591 1448 624 1500 33
634 1435 777 1525 populus
793 1433 943 1522 captivus
954 1433 1128 1498 abductus.
1139 1432 1231 1498 Basi-

72 1560 95 1599 ro
110 1535 174 1600 lica
191 1524 271 1602 tunc
291 1519 397 1602 sancti
420 1537 539 1603 Ι3Ιί33ἱ
560 1535 773 1603 Antiocensis
793 1537 947 1624 martyris
964 1533 1055 1626 gravi
1073 1534 1231 1600 incendio

112 1647 322 1705 concremata
333 1641 391 1705 c'st.
403 1639 453 1706 Ad
464 1641 747 1705 Iustinum'autem
756 1637 1234 1729 imperatorem'Persianicum
1323 1725 1326 1730 Ι

112 1731 357 1834 magno'syrici
382 1741 501 1835 intexti
530 1737 686 1830 pondere
701 1737 876 1820 33333333,
895 1752 1048 1829 petentes
1071 1737 1249 1805 amicitias

112 1843 182 1910 eius
196 1858 295 1935 atque
311 1858 500 1925 narrantes,
520 1869 554 1910 se
571 1845 960 1936 imperatori'Pers'arum
975 1865 1049 1908 esse
1065 1842 1227 1909 Inlen'sus.

111 1951 280 2014 Venerant
299 1943 387 2013 enim
407 1947 508 2040 legati
526 1948 597 2013 eius
626 1941 667 2012 ad
690 1957 764 2027 333,
791 1946 947 2011 dicentes*
966 1969 972 2010 3
993 1973 1010 2008 a
1032 1944 1232 2012 Sollicitudo

74 2074 97 2110 n
112 2044 295 2138 imperialis
316 2049 521 2129 sciscitatur,
540 2045 582 2114 'si‘
599 2043 716 2114 foedus
743 2046 862 2112 initum
881 2049 963 2112 cum
977 2071 1017 2112 33
1036 2046 1232 2113 custodiatis

111 2150 284 2216 intactum.
307 2179 322 2214 3
342 2143 639 2242 Respondentibus
653 2147 854 2229 illis,on1nia
871 2151 911 2215 ab
926 2148 979 2215 his
992 2146 1232 2238 pollicitaiirli·

112 2255 188 2318 bata
201 2248 337 2332 servari,
349 2254 506 2319 dixerunt
516 2251 656 2344 legati
655 2279 671 2316 3
681 2255 718 2318 In
728 2254 793 2317 hoc
805 2251 993 2348 apparebit,
1003 2277 1061 2317 vos
1073 2276 1144 2316 erus
1154 2275 1232 2315 amr

113 2357 206 2421 citias
225 2356 411 2440 custodire,
437 2352 464 2422 si
483 2355 605 2448 ignem,
630 2369 666 2421 ut
680 2355 737 2458 ille
752 2360 941 2462 veneratur,
961 2353 1229 2420 adoraveritis.»

112 2441 351 2575 Respondcute
368 2409 493 2549 pdpulo
519 2451 728 2549 nequaquam
753 2457 787 2522 se
808 2461 872 2523 hoc
894 2459 1077 2536 Iactur‚um
1098 2457 1144 2522 ait
1163 2459 1231 2548 epi·

71 2586 251 2652 aoscopus,
275 2564 331 2651 qui
361 2587 471 2652 coram
503 2575 597 2627 erat:
630 2558 756 2645 «Quae
784 2571 834 2625 est
857 2559 986 2641 deitas,¹
1008 2573 1044 2626 33
1072 2583 1231 2625 33333333

113 2665 232 2754 queat?
252 2669 357 2764 Quem
372 2647 461 2732 Deus
478 2647 518 2730 ad
535 2689 612 2729 usos
606 2659 800 2729 hominum
817 2665 1004 2754 procreavit
1026 2661 1083 2752 qui
1107 2663 1231 2726 fomen-

112 2765 153 2831 tis
168 2757 381 2858 accenditur,
397 2783 483 2858 aqua
503 2767 735 2860 restinguitur,
756 2766 927 2833 adhibitus
948 2765 1032 2846 urit,
1057 2765 1231 2855 neglectus

112 2870 256 2960 tepiscit.
279 2897 295 2932 »
313 2875 401 2936 Η333
420 2884 452 2935 33
469 2869 522 2935 his
541 2869 662 2935 similia
685 2869 845 2959 episcopo
863 2869 1108 2959 prosequente,
1129 2867 1230 2959 legati

113 2971 221 3038 surore
246 2975 414 3056 succensi,
439 2985 548 3038 actum
572 2971 895 3037 convitiis'fustibus
919 2973 1054 3037 cedunt,
1081 2971 1230 3036 Cernens

73 3087 221 3162 33333333
254 3076 398 3167 populus
428 3076 635 3141 sacerdotem
672 3099 766 3139 suum
805 3070 967 3166 sauguine
1001 3086 1229 3153 cruentatum,

113 3203 213 3270 super
241 3179 370 3270 legatos
391 3177 546 3258 inruunt,
574 3203 689 3276 manos
722 3177 866 3243 iniciunt
890 3177 1161 3267 interemantque
1175 3183 1229 3256 et,

113 3279 198 3346 sluut
214 3280 370 3360 diximus,
383 3281 482 3346 huius
497 3281 708 3370 imperatoris
725 3278 887 3344 amicitias
904 3278 1101 3369 33333333.Ι

155 3461 292 3529 XXVIII
329 3461 406 3550 (41).
440 3462 611 3527 Alboenus
635 3487 713 3528 vero
746 3462 1040 3552 Langobardorum
1070 3487 1144 3541 rex,
1174 3461 1231 3551 qui

112 3561 395 3642 Chlodosindam‚
437 3565 525 3654 regis
560 3564 732 3630 Chlothari
767 3563 884 3642 filiam,
920 3564 1084 3644 habebat,
1116 3563 1232 3629 relicta

72 3689 96 3728 ao
111 3663 249 3756 regione
268 3689 337 3748 sua,
357 3664 392 3729 in
409 3665 537 3730 Italiam
556 3683 631 3730 eum
642 3665 732 3730 omni
743 3665 801 3730 illa
819 3666 1115 3758 Langobardorum
1131 3679 1232 3758 gente

110 3767 219 3857 petiit.
236 3769 318 3834 Nam
335 3780 503 3832 commotu
519 3770 678 3848 exercitu,
696 3792 770 3834 cum
786 3768 945 3834 uxoribus
962 3780 995 3833 et
1014 3768 1130 3834 liberis
1144 3769 1232 3834 ubic-

110 3884 208 3953 runt,
235 3868 316 3934 illuc
342 3893 542 3935 conmanere
577 3870 814 3935 deliberantes.
847 3875 954 3955 Quam
986 3870 1159 3962 regionem
1177 3870 1232 3936 in·

109 3971 238 4064 gressi,
261 3971 401 4038 maxime
429 3998 490 4062 per
522 3995 627 4037 annos
652 3986 780 4062 septem
805 3986 1047 4064 pervagantes,
1081 3973 1233 4063 spoliatis

110 4073 266 4156 eclesiis,
289 4074 520 4140 sacerdotibus
539 4075 725 4139 interfectis
739 4097 749 4156 ,·
771 4074 807 4139 in
830 4101 921 4140 suam
943 4076 1232 4166 rediguntvpotes-

70 4201 96 4240 ss
110 4187 224 4244 tatem.
248 4180 380 4243 Mortua
403 4191 511 4243 autem
534 4172 798 4244 Chlodosindam
822 4202 925 4244 uxore
946 4178 1110 4258 Alhoe'ni·,
1136 4177 1233 4244 ali-arn

112 4279 208 4346 duxit
228 4273 534 4370 coniugem,'cuius
552 4292 680 4370 patrem
698 4293 774 4346 ante
791 4303 933 4370 paucum
953 4280 1234 4370 tempusinterfe

113 4396 213 4448 cerat.
236 4387 308 4467 Qua
328 4383 370 4448 de
384 4403 481 4448 causa
498 4383 617 4448 mulier
636 4383 681 4466 ¹[in
703 4381 793 4465 odio]
813 4409 945 4473 semper
963 4384 1068 4450 virum
1089 4386 1232 4464 habens,
