<?xml version="1.0" encoding="UTF-8"?>
<!DOCTYPE html PUBLIC "-//W3C//DTD XHTML 1.0 Transitional//EN"
    "http://www.w3.org/TR/xhtml1/DTD/xhtml1-transitional.dtd">
<html xmlns="http://www.w3.org/1999/xhtml" xml:lang="en" lang="en">
 <head>
  <title>
</title>
<meta http-equiv="Content-Type" content="text/html;charset=utf-8" />
  <meta name='ocr-system' content='tesseract 3.04.00' />
  <meta name='ocr-capabilities' content='ocr_page ocr_carea ocr_par ocr_line ocrx_word'/>
</head>
<body>
  <div class='ocr_page' id='page_1' title='image "./grgoiredetoursh00greggoog_0064.png"; bbox 0 0 3238 5140; ppageno 0'>
   <div class='ocr_carea' id='block_1_1' title="bbox 375 468 1205 520">
    <p class='ocr_par' dir='ltr' id='par_1_1' title="bbox 375 468 1205 520">
     <span class='ocr_line' id='line_1_1' title="bbox 375 468 1205 520; baseline -0.004 1"><span class='ocrx_word' id='word_1_1' title='bbox 375 468 404 515; x_wconf 75' lang='lat'><strong>10</strong></span> <span class='ocrx_word' id='word_1_2' title='bbox 658 471 814 520; x_wconf 84' lang='lat' dir='ltr'><strong>GREGORll</strong></span> <span class='ocrx_word' id='word_1_3' title='bbox 832 471 1039 520; x_wconf 71' lang='lat' dir='ltr'><strong>tunonensis</strong></span> <span class='ocrx_word' id='word_1_4' title='bbox 1056 470 1205 519; x_wconf 85' lang='lat' dir='ltr'><strong>EPISCOPl</strong></span> 
     </span>
    </p>
   </div>
   <div class='ocr_carea' id='block_1_2' title="bbox 374 585 1607 1802">
    <p class='ocr_par' dir='ltr' id='par_1_2' title="bbox 375 585 1490 679">
     <span class='ocr_line' id='line_1_2' title="bbox 375 585 1490 679; baseline 0.001 -28"><span class='ocrx_word' id='word_1_5' title='bbox 375 585 405 652; x_wconf 90' lang='lat' dir='ltr'><strong>ei</strong></span> <span class='ocrx_word' id='word_1_6' title='bbox 426 611 500 651; x_wconf 86' lang='lat' dir='ltr'><strong>cum</strong></span> <span class='ocrx_word' id='word_1_7' title='bbox 515 586 671 652; x_wconf 87' lang='lat' dir='ltr'><strong>fratribus</strong></span> <span class='ocrx_word' id='word_1_8' title='bbox 694 587 807 653; x_wconf 89' lang='lat' dir='ltr'><strong>odium</strong></span> <span class='ocrx_word' id='word_1_9' title='bbox 824 588 1005 679; x_wconf 89' lang='lat' dir='ltr'><strong>generavit.</strong></span> <span class='ocrx_word' id='word_1_10' title='bbox 1031 587 1128 654; x_wconf 88' lang='lat' dir='ltr'><strong>Unde</strong></span> <span class='ocrx_word' id='word_1_11' title='bbox 1146 599 1178 652; x_wconf 89' lang='lat' dir='ltr'><strong>et</strong></span> <span class='ocrx_word' id='word_1_12' title='bbox 1195 586 1387 652; x_wconf 86' lang='lat' dir='ltr'><strong>inflammati</strong></span> <span class='ocrx_word' id='word_1_13' title='bbox 1405 587 1490 652; x_wconf 91' lang='lat' dir='ltr'><strong>invi·</strong></span> 
     </span>
    </p>

    <p class='ocr_par' dir='ltr' id='par_1_3' title="bbox 375 687 1491 780">
     <span class='ocr_line' id='line_1_3' title="bbox 375 687 1491 780; baseline 0.001 -27"><span class='ocrx_word' id='word_1_14' title='bbox 375 687 441 768; x_wconf 88' lang='lat' dir='ltr'><strong>dia,</strong></span> <span class='ocrx_word' id='word_1_15' title='bbox 469 691 559 754; x_wconf 89' lang='lat' dir='ltr'><strong>XXX</strong></span> <span class='ocrx_word' id='word_1_16' title='bbox 579 713 653 754; x_wconf 88' lang='lat' dir='ltr'><strong>eum</strong></span> <span class='ocrx_word' id='word_1_17' title='bbox 680 690 847 780; x_wconf 78' lang='lat' dir='ltr'>argenteis</span> <span class='ocrx_word' id='word_1_18' title='bbox 868 687 1068 756; x_wconf 87' lang='lat' dir='ltr'><strong>Ismahelitis</strong></span> <span class='ocrx_word' id='word_1_19' title='bbox 1088 689 1122 753; x_wconf 90' lang='lat' dir='ltr'><strong>in</strong></span> <span class='ocrx_word' id='word_1_20' title='bbox 1142 689 1294 779; x_wconf 84' lang='lat' dir='ltr'><strong>Aegypto</strong></span> <span class='ocrx_word' id='word_1_21' title='bbox 1318 700 1491 754; x_wconf 88' lang='lat' dir='ltr'><strong>transeun-</strong></span> 
     </span>
    </p>

    <p class='ocr_par' dir='ltr' id='par_1_4' title="bbox 374 790 1607 1802">
     <span class='ocr_line' id='line_1_4' title="bbox 374 790 1493 872; baseline 0.002 -18"><span class='ocrx_word' id='word_1_22' title='bbox 374 790 464 855; x_wconf 88' lang='lat' dir='ltr'><strong>tibus</strong></span> <span class='ocrx_word' id='word_1_23' title='bbox 479 790 706 856; x_wconf 85' lang='lat' dir='ltr'><strong>vindiderunt.</strong></span> <span class='ocrx_word' id='word_1_24' title='bbox 724 792 911 858; x_wconf 90' lang='lat' dir='ltr'><strong>Inminente</strong></span> <span class='ocrx_word' id='word_1_25' title='bbox 926 804 1034 858; x_wconf 91' lang='lat' dir='ltr'><strong>autem</strong></span> <span class='ocrx_word' id='word_1_26' title='bbox 1045 791 1142 872; x_wconf 89' lang='lat' dir='ltr'><strong>fame,</strong></span> <span class='ocrx_word' id='word_1_27' title='bbox 1158 815 1232 858; x_wconf 93' lang='lat' dir='ltr'><strong>cum</strong></span> <span class='ocrx_word' id='word_1_28' title='bbox 1243 791 1493 856; x_wconf 89' lang='lat' dir='ltr'><strong>discendissent</strong></span> 
     </span>
     <span class='ocr_line' id='line_1_5' title="bbox 375 892 1491 984; baseline 0 -26"><span class='ocrx_word' id='word_1_29' title='bbox 375 892 588 983; x_wconf 85' lang='lat' dir='ltr'><strong>inAegypto,</strong></span> <span class='ocrx_word' id='word_1_30' title='bbox 609 894 736 984; x_wconf 83' lang='lat' dir='ltr'>cogniti</span> <span class='ocrx_word' id='word_1_31' title='bbox 757 907 835 961; x_wconf 90' lang='lat' dir='ltr'><strong>sunt</strong></span> <span class='ocrx_word' id='word_1_32' title='bbox 860 919 878 958; x_wconf 93' lang='lat' dir='ltr'><strong>a</strong></span> <span class='ocrx_word' id='word_1_33' title='bbox 904 896 1045 983; x_wconf 90' lang='lat' dir='ltr'><strong>loseph,</strong></span> <span class='ocrx_word' id='word_1_34' title='bbox 1069 919 1132 958; x_wconf 88' lang='lat' dir='ltr'><strong>neo</strong></span> <span class='ocrx_word' id='word_1_35' title='bbox 1155 907 1266 959; x_wconf 85' lang='lat' dir='ltr'><strong>tamen</strong></span> <span class='ocrx_word' id='word_1_36' title='bbox 1283 893 1348 983; x_wconf 88' lang='lat' dir='ltr'><strong>ipsi</strong></span> <span class='ocrx_word' id='word_1_37' title='bbox 1368 896 1491 982; x_wconf 90' lang='lat' dir='ltr'><strong>loseph</strong></span> 
     </span>
     <span class='ocr_line' id='line_1_6' title="bbox 375 995 1517 1086; baseline 0 -26"><span class='ocrx_word' id='word_1_38' title='bbox 375 1009 613 1086; x_wconf 88' lang='lat' dir='ltr'><strong>cognoverunt.</strong></span> <span class='ocrx_word' id='word_1_39' title='bbox 639 999 714 1085; x_wconf 90' lang='lat' dir='ltr'><strong>lpse</strong></span> <span class='ocrx_word' id='word_1_40' title='bbox 733 1010 844 1062; x_wconf 87' lang='lat' dir='ltr'><strong>tamen</strong></span> <span class='ocrx_word' id='word_1_41' title='bbox 864 1021 899 1062; x_wconf 89' lang='lat' dir='ltr'><strong>se</strong></span> <span class='ocrx_word' id='word_1_42' title='bbox 924 997 976 1062; x_wconf 90' lang='lat' dir='ltr'><strong>his</strong></span> <span class='ocrx_word' id='word_1_43' title='bbox 996 1010 1074 1084; x_wconf 91' lang='lat' dir='ltr'><strong>post</strong></span> <span class='ocrx_word' id='word_1_44' title='bbox 1096 997 1216 1062; x_wconf 90' lang='lat' dir='ltr'><strong>multas</strong></span> <span class='ocrx_word' id='word_1_45' title='bbox 1239 1021 1354 1062; x_wconf 90' lang='lat' dir='ltr'><strong>eorum</strong></span> <span class='ocrx_word' id='word_1_46' title='bbox 1373 995 1517 1086; x_wconf 80' lang='lat' dir='ltr'><strong>fatiga-5</strong></span> 
     </span>
     <span class='ocr_line' id='line_1_7' title="bbox 374 1091 1491 1176; baseline 0 -15"><span class='ocrx_word' id='word_1_47' title='bbox 374 1097 483 1162; x_wconf 90' lang='lat' dir='ltr'><strong>tiones</strong></span> <span class='ocrx_word' id='word_1_48' title='bbox 504 1109 537 1162; x_wconf 92' lang='lat' dir='ltr'><strong>et</strong></span> <span class='ocrx_word' id='word_1_49' title='bbox 558 1091 738 1164; x_wconf 85' lang='lat' dir='ltr'><strong>adductum</strong></span> <span class='ocrx_word' id='word_1_50' title='bbox 761 1098 935 1164; x_wconf 82' lang='lat' dir='ltr'><strong>Beniamin</strong></span> <span class='ocrx_word' id='word_1_51' title='bbox 955 1098 1154 1176; x_wconf 83' lang='lat' dir='ltr'><strong>declaravit3</strong></span> <span class='ocrx_word' id='word_1_52' title='bbox 1187 1099 1228 1164; x_wconf 91' lang='lat' dir='ltr'><strong>de</strong></span> <span class='ocrx_word' id='word_1_53' title='bbox 1256 1097 1381 1164; x_wconf 85' lang='lat' dir='ltr'>Rachel</span> <span class='ocrx_word' id='word_1_54' title='bbox 1401 1097 1491 1162; x_wconf 91' lang='lat' dir='ltr'><strong>enim</strong></span> 
     </span>
     <span class='ocr_line' id='line_1_8' title="bbox 376 1186 1606 1274; baseline 0.001 -11"><span class='ocrx_word' id='word_1_55' title='bbox 376 1211 479 1265; x_wconf 90' lang='lat' dir='ltr'><strong>matre</strong></span> <span class='ocrx_word' id='word_1_56' title='bbox 500 1224 559 1264; x_wconf 89' lang='lat' dir='ltr'><strong>sua</strong></span> <span class='ocrx_word' id='word_1_57' title='bbox 581 1213 678 1274; x_wconf 84' lang='lat' dir='ltr'><strong>natus</strong></span> <span class='ocrx_word' id='word_1_58' title='bbox 697 1213 729 1266; x_wconf 91' lang='lat' dir='ltr'><strong>et</strong></span> <span class='ocrx_word' id='word_1_59' title='bbox 751 1186 807 1266; x_wconf 89' lang='lat' dir='ltr'><strong>hic</strong></span> <span class='ocrx_word' id='word_1_60' title='bbox 826 1202 943 1268; x_wconf 84' lang='lat' dir='ltr'><strong>fuerat.</strong></span> <span class='ocrx_word' id='word_1_61' title='bbox 964 1205 1046 1268; x_wconf 86' lang='lat' dir='ltr'><strong>Post</strong></span> <span class='ocrx_word' id='word_1_62' title='bbox 1062 1204 1145 1266; x_wconf 89' lang='lat' dir='ltr'><strong>haec</strong></span> <span class='ocrx_word' id='word_1_63' title='bbox 1158 1200 1362 1266; x_wconf 90' lang='lat' dir='ltr'><strong>discendunt</strong></span> <span class='ocrx_word' id='word_1_64' title='bbox 1378 1199 1491 1266; x_wconf 87' lang='lat' dir='ltr'><strong>cuncti</strong></span> <span class='ocrx_word' id='word_1_65' title='bbox 1605 1202 1606 1246; x_wconf 53' lang='grc' dir='ltr'><strong>ἶ</strong></span> 
     </span>
     <span class='ocr_line' id='line_1_9' title="bbox 375 1301 1492 1394; baseline 0 -28"><span class='ocrx_word' id='word_1_66' title='bbox 375 1301 569 1366; x_wconf 87' lang='lat' dir='ltr'><strong>lsrahelitae</strong></span> <span class='ocrx_word' id='word_1_67' title='bbox 603 1302 638 1367; x_wconf 90' lang='lat' dir='ltr'><strong>in</strong></span> <span class='ocrx_word' id='word_1_68' title='bbox 671 1305 857 1394; x_wconf 88' lang='lat' dir='ltr'><strong>Aegyptum</strong></span> <span class='ocrx_word' id='word_1_69' title='bbox 886 1317 920 1369; x_wconf 91' lang='lat' dir='ltr'><strong>et</strong></span> <span class='ocrx_word' id='word_1_70' title='bbox 947 1329 1008 1393; x_wconf 92' lang='lat' dir='ltr'><strong>per</strong></span> <span class='ocrx_word' id='word_1_71' title='bbox 1039 1305 1160 1391; x_wconf 92' lang='lat' dir='ltr'><strong>loseph</strong></span> <span class='ocrx_word' id='word_1_72' title='bbox 1193 1301 1352 1368; x_wconf 89' lang='lat' dir='ltr'><strong>Faraonis</strong></span> <span class='ocrx_word' id='word_1_73' title='bbox 1384 1303 1492 1393; x_wconf 88' lang='lat' dir='ltr'><strong>gratia</strong></span> 
     </span>
     <span class='ocr_line' id='line_1_10' title="bbox 376 1404 1492 1494; baseline 0 -26"><span class='ocrx_word' id='word_1_74' title='bbox 376 1405 568 1469; x_wconf 88' lang='lat' dir='ltr'><strong>abutuntur.</strong></span> <span class='ocrx_word' id='word_1_75' title='bbox 609 1407 709 1472; x_wconf 90' lang='lat' dir='ltr'><strong>Iacob</strong></span> <span class='ocrx_word' id='word_1_76' title='bbox 743 1418 853 1470; x_wconf 90' lang='lat' dir='ltr'><strong>autem</strong></span> <span class='ocrx_word' id='word_1_77' title='bbox 885 1417 963 1494; x_wconf 89' lang='lat' dir='ltr'><strong>post</strong></span> <span class='ocrx_word' id='word_1_78' title='bbox 996 1404 1193 1471; x_wconf 88' lang='lat' dir='ltr'><strong>benedictos</strong></span> <span class='ocrx_word' id='word_1_79' title='bbox 1224 1404 1310 1469; x_wconf 90' lang='lat' dir='ltr'><strong>filios</strong></span> <span class='ocrx_word' id='word_1_80' title='bbox 1344 1427 1420 1470; x_wconf 90' lang='lat' dir='ltr'><strong>suos</strong></span> <span class='ocrx_word' id='word_1_81' title='bbox 1456 1404 1492 1468; x_wconf 91' lang='lat' dir='ltr'><strong>in</strong></span> 
     </span>
     <span class='ocr_line' id='line_1_11' title="bbox 375 1506 1534 1597; baseline 0 -26"><span class='ocrx_word' id='word_1_82' title='bbox 375 1506 527 1595; x_wconf 83' lang='lat' dir='ltr'><strong>Aegypto</strong></span> <span class='ocrx_word' id='word_1_83' title='bbox 547 1507 687 1572; x_wconf 92' lang='lat' dir='ltr'><strong>moritur</strong></span> <span class='ocrx_word' id='word_1_84' title='bbox 703 1521 736 1572; x_wconf 92' lang='lat' dir='ltr'><strong>et</strong></span> <span class='ocrx_word' id='word_1_85' title='bbox 761 1509 796 1572; x_wconf 91' lang='lat' dir='ltr'><strong>in</strong></span> <span class='ocrx_word' id='word_1_86' title='bbox 817 1508 996 1597; x_wconf 89' lang='lat' dir='ltr'><strong>sepulchro</strong></span> <span class='ocrx_word' id='word_1_87' title='bbox 1015 1507 1120 1596; x_wconf 90' lang='lat' dir='ltr'><strong>patris</strong></span> <span class='ocrx_word' id='word_1_88' title='bbox 1141 1510 1192 1572; x_wconf 89' lang='lat' dir='ltr'><strong>sui</strong></span> <span class='ocrx_word' id='word_1_89' title='bbox 1215 1531 1232 1572; x_wconf 88' lang='lat' dir='ltr'><strong>a</strong></span> <span class='ocrx_word' id='word_1_90' title='bbox 1253 1508 1374 1595; x_wconf 89' lang='lat' dir='ltr'><strong>loseph</strong></span> <span class='ocrx_word' id='word_1_91' title='bbox 1395 1531 1492 1595; x_wconf 92' lang='lat' dir='ltr'><strong>sepe·</strong></span> <span class='ocrx_word' id='word_1_92' title='bbox 1508 1533 1534 1571; x_wconf 76' lang='lat' dir='ltr'><strong>ro</strong></span> 
     </span>
     <span class='ocr_line' id='line_1_12' title="bbox 376 1607 1492 1698; baseline 0 -25"><span class='ocrx_word' id='word_1_93' title='bbox 376 1608 455 1673; x_wconf 91' lang='lat' dir='ltr'><strong>litur</strong></span> <span class='ocrx_word' id='word_1_94' title='bbox 490 1607 524 1672; x_wconf 90' lang='lat' dir='ltr'><strong>iu</strong></span> <span class='ocrx_word' id='word_1_95' title='bbox 559 1621 647 1674; x_wconf 91' lang='lat' dir='ltr'><strong>terra</strong></span> <span class='ocrx_word' id='word_1_96' title='bbox 679 1611 871 1674; x_wconf 87' lang='lat' dir='ltr'><strong>Channaan.</strong></span> <span class='ocrx_word' id='word_1_97' title='bbox 914 1612 1046 1675; x_wconf 92' lang='lat' dir='ltr'><strong>Mortuo</strong></span> <span class='ocrx_word' id='word_1_98' title='bbox 1082 1620 1191 1674; x_wconf 86' lang='lat' dir='ltr'><strong>autem</strong></span> <span class='ocrx_word' id='word_1_99' title='bbox 1234 1610 1355 1698; x_wconf 92' lang='lat' dir='ltr'><strong>loseph</strong></span> <span class='ocrx_word' id='word_1_100' title='bbox 1393 1621 1492 1698; x_wconf 89' lang='lat' dir='ltr'><strong>atque</strong></span> 
     </span>
     <span class='ocr_line' id='line_1_13' title="bbox 376 1710 1607 1802; baseline -0.001 -26"><span class='ocrx_word' id='word_1_101' title='bbox 376 1711 561 1792; x_wconf 82' lang='lat' dir='ltr'><strong>Pharaoni,</strong></span> <span class='ocrx_word' id='word_1_102' title='bbox 591 1711 755 1777; x_wconf 82' lang='lat' dir='ltr'><strong>subicitur</strong></span> <span class='ocrx_word' id='word_1_103' title='bbox 778 1726 898 1777; x_wconf 87' lang='lat' dir='ltr'><strong>cuncta</strong></span> <span class='ocrx_word' id='word_1_104' title='bbox 924 1712 1096 1802; x_wconf 90' lang='lat' dir='ltr'><strong>generatio</strong></span> <span class='ocrx_word' id='word_1_105' title='bbox 1119 1710 1289 1790; x_wconf 88' lang='lat' dir='ltr'><strong>servituti,</strong></span> <span class='ocrx_word' id='word_1_106' title='bbox 1322 1735 1406 1800; x_wconf 90' lang='lat' dir='ltr'><strong>quae</strong></span> <span class='ocrx_word' id='word_1_107' title='bbox 1432 1737 1494 1800; x_wconf 86' lang='lat' dir='ltr'><strong>per</strong></span> <span class='ocrx_word' id='word_1_108' title='bbox 1606 1733 1607 1746; x_wconf 61' lang='lat'>¹</span> 
     </span>
    </p>
   </div>
   <div class='ocr_carea' id='block_1_3' title="bbox 375 1812 1493 2032">
    <p class='ocr_par' dir='ltr' id='par_1_5' title="bbox 375 1812 1493 2032">
     <span class='ocr_line' id='line_1_14' title="bbox 376 1812 1493 1907; baseline 0 -29"><span class='ocrx_word' id='word_1_109' title='bbox 376 1815 514 1902; x_wconf 86' lang='lat' dir='ltr'><strong>Moysen</strong></span> <span class='ocrx_word' id='word_1_110' title='bbox 559 1828 636 1902; x_wconf 87' lang='lat' dir='ltr'><strong>post</strong></span> <span class='ocrx_word' id='word_1_111' title='bbox 672 1816 787 1880; x_wconf 91' lang='lat' dir='ltr'><strong>decem</strong></span> <span class='ocrx_word' id='word_1_112' title='bbox 823 1816 938 1907; x_wconf 88' lang='lat' dir='ltr'><strong>plagas</strong></span> <span class='ocrx_word' id='word_1_113' title='bbox 971 1812 1113 1905; x_wconf 80' lang='lat' dir='ltr'><strong>Aegypti</strong></span> <span class='ocrx_word' id='word_1_114' title='bbox 1141 1813 1318 1892; x_wconf 89' lang='lat' dir='ltr'><strong>liberatur,</strong></span> <span class='ocrx_word' id='word_1_115' title='bbox 1346 1814 1493 1880; x_wconf 86' lang='lat' dir='ltr'><strong>dimerso</strong></span> 
     </span>
     <span class='ocr_line' id='line_1_15' title="bbox 375 1917 878 2032; baseline 0 -50"><span class='ocrx_word' id='word_1_116' title='bbox 375 1918 548 2032; x_wconf 69' lang='lat' dir='ltr'><strong>Pharaone</strong></span> <span class='ocrx_word' id='word_1_117' title='bbox 569 1917 695 1982; x_wconf 89' lang='lat' dir='ltr'><strong>inmari</strong></span> <span class='ocrx_word' id='word_1_118' title='bbox 717 1920 878 1984; x_wconf 86' lang='lat' dir='ltr'><strong>Rubrum.</strong></span> 
     </span>
    </p>
   </div>
   <div class='ocr_carea' id='block_1_4' title="bbox 256 2084 1609 4425">
    <p class='ocr_par' dir='ltr' id='par_1_6' title="bbox 375 2084 1609 3098">
     <span class='ocr_line' id='line_1_16' title="bbox 419 2084 1608 2174; baseline 0.003 -25"><span class='ocrx_word' id='word_1_119' title='bbox 419 2088 458 2149; x_wconf 90' lang='lat' dir='ltr'><strong>X.</strong></span> <span class='ocrx_word' id='word_1_120' title='bbox 483 2087 524 2150; x_wconf 91' lang='lat' dir='ltr'><strong>Et</strong></span> <span class='ocrx_word' id='word_1_121' title='bbox 544 2084 700 2174; x_wconf 88' lang='lat' dir='ltr'><strong>qnoniam</strong></span> <span class='ocrx_word' id='word_1_122' title='bbox 722 2086 763 2151; x_wconf 90' lang='lat' dir='ltr'><strong>de</strong></span> <span class='ocrx_word' id='word_1_123' title='bbox 783 2088 848 2151; x_wconf 93' lang='lat' dir='ltr'><strong>hoc</strong></span> <span class='ocrx_word' id='word_1_124' title='bbox 865 2088 969 2152; x_wconf 91' lang='lat' dir='ltr'><strong>maius</strong></span> <span class='ocrx_word' id='word_1_125' title='bbox 988 2085 1129 2151; x_wconf 90' lang='lat' dir='ltr'><strong>transitu</strong></span> <span class='ocrx_word' id='word_1_126' title='bbox 1147 2087 1260 2174; x_wconf 92' lang='lat' dir='ltr'><strong>plures</strong></span> <span class='ocrx_word' id='word_1_127' title='bbox 1278 2087 1379 2151; x_wconf 90' lang='lat' dir='ltr'><strong>multa</strong></span> <span class='ocrx_word' id='word_1_128' title='bbox 1399 2088 1535 2152; x_wconf 79' lang='lat' dir='ltr'><strong>dixe-15</strong></span> <span class='ocrx_word' id='word_1_129' title='bbox 1607 2131 1608 2146; x_wconf 30' lang='grc' dir='ltr'><strong>η</strong></span> 
     </span>
     <span class='ocr_line' id='line_1_17' title="bbox 376 2187 1608 2278; baseline 0.002 -27"><span class='ocrx_word' id='word_1_130' title='bbox 376 2200 469 2266; x_wconf 91' lang='lat' dir='ltr'><strong>runt,</strong></span> <span class='ocrx_word' id='word_1_131' title='bbox 494 2188 599 2252; x_wconf 91' lang='lat' dir='ltr'><strong>visum</strong></span> <span class='ocrx_word' id='word_1_132' title='bbox 619 2202 685 2270; x_wconf 90' lang='lat' dir='ltr'><strong>est,</strong></span> <span class='ocrx_word' id='word_1_133' title='bbox 709 2201 744 2253; x_wconf 92' lang='lat' dir='ltr'><strong>ut</strong></span> <span class='ocrx_word' id='word_1_134' title='bbox 769 2191 810 2254; x_wconf 93' lang='lat' dir='ltr'><strong>de</strong></span> <span class='ocrx_word' id='word_1_135' title='bbox 831 2189 896 2254; x_wconf 88' lang='lat' dir='ltr'><strong>situ</strong></span> <span class='ocrx_word' id='word_1_136' title='bbox 922 2189 988 2254; x_wconf 91' lang='lat' dir='ltr'><strong>loci</strong></span> <span class='ocrx_word' id='word_1_137' title='bbox 1007 2188 1096 2254; x_wconf 90' lang='lat' dir='ltr'><strong>illius</strong></span> <span class='ocrx_word' id='word_1_138' title='bbox 1120 2189 1172 2253; x_wconf 91' lang='lat' dir='ltr'><strong>vel</strong></span> <span class='ocrx_word' id='word_1_139' title='bbox 1199 2189 1305 2278; x_wconf 93' lang='lat' dir='ltr'><strong>ipsius</strong></span> <span class='ocrx_word' id='word_1_140' title='bbox 1331 2189 1492 2254; x_wconf 91' lang='lat' dir='ltr'><strong>transitus</strong></span> <span class='ocrx_word' id='word_1_141' title='bbox 1607 2187 1608 2254; x_wconf 65' lang='grc' dir='ltr'><strong>ἶ</strong></span> 
     </span>
     <span class='ocr_line' id='line_1_18' title="bbox 376 2289 1494 2381; baseline 0.003 -28"><span class='ocrx_word' id='word_1_142' title='bbox 376 2289 485 2378; x_wconf 87' lang='lat' dir='ltr'><strong>aliqua</strong></span> <span class='ocrx_word' id='word_1_143' title='bbox 506 2289 585 2354; x_wconf 91' lang='lat' dir='ltr'><strong>huic</strong></span> <span class='ocrx_word' id='word_1_144' title='bbox 610 2290 753 2355; x_wconf 90' lang='lat' dir='ltr'><strong>inseram</strong></span> <span class='ocrx_word' id='word_1_145' title='bbox 777 2291 926 2355; x_wconf 93' lang='lat' dir='ltr'><strong>lectioni.</strong></span> <span class='ocrx_word' id='word_1_146' title='bbox 946 2289 959 2380; x_wconf 80' lang='grc' dir='ltr'><strong>ΙΙ</strong></span> <span class='ocrx_word' id='word_1_147' title='bbox 976 2290 1070 2358; x_wconf 90' lang='lat' dir='ltr'><strong>Nilus</strong></span> <span class='ocrx_word' id='word_1_148' title='bbox 1094 2314 1155 2379; x_wconf 89' lang='lat' dir='ltr'><strong>per</strong></span> <span class='ocrx_word' id='word_1_149' title='bbox 1177 2291 1377 2381; x_wconf 84' lang='lat' dir='ltr'><strong>Aegyptum,</strong></span> <span class='ocrx_word' id='word_1_150' title='bbox 1406 2293 1494 2356; x_wconf 90' lang='lat' dir='ltr'><strong>sicut</strong></span> 
     </span>
     <span class='ocr_line' id='line_1_19' title="bbox 375 2391 1493 2482; baseline 0.002 -26"><span class='ocrx_word' id='word_1_151' title='bbox 375 2391 500 2480; x_wconf 90' lang='lat' dir='ltr'><strong>optime</strong></span> <span class='ocrx_word' id='word_1_152' title='bbox 519 2394 638 2472; x_wconf 89' lang='lat' dir='ltr'><strong>nostis,</strong></span> <span class='ocrx_word' id='word_1_153' title='bbox 653 2393 801 2458; x_wconf 89' lang='lat' dir='ltr'><strong>decurrit</strong></span> <span class='ocrx_word' id='word_1_154' title='bbox 816 2393 930 2481; x_wconf 90' lang='lat' dir='ltr'><strong>etipse</strong></span> <span class='ocrx_word' id='word_1_155' title='bbox 943 2416 1013 2457; x_wconf 84' lang='lat' dir='ltr'><strong>earn</strong></span> <span class='ocrx_word' id='word_1_156' title='bbox 1031 2393 1158 2481; x_wconf 89' lang='lat' dir='ltr'><strong>impetu</strong></span> <span class='ocrx_word' id='word_1_157' title='bbox 1173 2417 1232 2457; x_wconf 94' lang='lat' dir='ltr'><strong>suo</strong></span> <span class='ocrx_word' id='word_1_158' title='bbox 1250 2392 1384 2482; x_wconf 87' lang='lat' dir='ltr'><strong>inrigat,</strong></span> <span class='ocrx_word' id='word_1_159' title='bbox 1403 2393 1493 2458; x_wconf 93' lang='lat' dir='ltr'><strong>unde</strong></span> 
     </span>
     <span class='ocr_line' id='line_1_20' title="bbox 375 2493 1492 2585; baseline 0.002 -27"><span class='ocrx_word' id='word_1_160' title='bbox 375 2505 408 2558; x_wconf 92' lang='lat' dir='ltr'><strong>et</strong></span> <span class='ocrx_word' id='word_1_161' title='bbox 427 2494 569 2585; x_wconf 81' lang='lat' dir='ltr'><strong>Aegypti</strong></span> <span class='ocrx_word' id='word_1_162' title='bbox 589 2493 718 2560; x_wconf 87' lang='lat' dir='ltr'><strong>incolae</strong></span> <span class='ocrx_word' id='word_1_163' title='bbox 734 2495 955 2585; x_wconf 86' lang='lat' dir='ltr'><strong>appellantur.</strong></span> <span class='ocrx_word' id='word_1_164' title='bbox 970 2495 1072 2559; x_wconf 87' lang='lat' dir='ltr'><strong>Cuius</strong></span> <span class='ocrx_word' id='word_1_165' title='bbox 1088 2519 1176 2559; x_wconf 90' lang='lat' dir='ltr'><strong>nunc</strong></span> <span class='ocrx_word' id='word_1_166' title='bbox 1188 2495 1285 2560; x_wconf 84' lang='lat' dir='ltr'><strong>litora</strong></span> <span class='ocrx_word' id='word_1_167' title='bbox 1301 2494 1492 2560; x_wconf 90' lang='lat' dir='ltr'><strong>multiloco-</strong></span> 
     </span>
     <span class='ocr_line' id='line_1_21' title="bbox 375 2578 1609 2684; baseline 0.003 -24"><span class='ocrx_word' id='word_1_168' title='bbox 375 2621 447 2661; x_wconf 91' lang='lat' dir='ltr'><strong>rum</strong></span> <span class='ocrx_word' id='word_1_169' title='bbox 471 2597 727 2684; x_wconf 87' lang='lat' dir='ltr'><strong>perlustratores</strong></span> <span class='ocrx_word' id='word_1_170' title='bbox 755 2597 875 2661; x_wconf 88' lang='lat' dir='ltr'><strong>referta</strong></span> <span class='ocrx_word' id='word_1_171' title='bbox 898 2596 1000 2661; x_wconf 89' lang='lat' dir='ltr'><strong>sacris</strong></span> <span class='ocrx_word' id='word_1_172' title='bbox 1027 2596 1238 2661; x_wconf 90' lang='lat' dir='ltr'><strong>monasteriis</strong></span> <span class='ocrx_word' id='word_1_173' title='bbox 1260 2596 1377 2662; x_wconf 89' lang='lat' dir='ltr'><strong>dicunt</strong></span> <span class='ocrx_word' id='word_1_174' title='bbox 1404 2623 1490 2664; x_wconf 88' lang='lat' dir='ltr'><strong>esse.</strong></span> <span class='ocrx_word' id='word_1_175' title='bbox 1509 2627 1537 2665; x_wconf 82' lang='lat' dir='ltr'><strong>ao</strong></span> <span class='ocrx_word' id='word_1_176' title='bbox 1608 2578 1609 2606; x_wconf 62' lang='lat' dir='ltr'><strong>r</strong></span> 
     </span>
     <span class='ocr_line' id='line_1_22' title="bbox 376 2698 1493 2789; baseline 0.002 -25"><span class='ocrx_word' id='word_1_177' title='bbox 376 2701 485 2788; x_wconf 87' lang='lat' dir='ltr'><strong>Super</strong></span> <span class='ocrx_word' id='word_1_178' title='bbox 502 2698 605 2788; x_wconf 90' lang='lat' dir='ltr'><strong>ripam</strong></span> <span class='ocrx_word' id='word_1_179' title='bbox 625 2723 702 2763; x_wconf 87' lang='lat' dir='ltr'><strong>vero</strong></span> <span class='ocrx_word' id='word_1_180' title='bbox 721 2699 791 2764; x_wconf 91' lang='lat' dir='ltr'><strong>eius</strong></span> <span class='ocrx_word' id='word_1_181' title='bbox 812 2725 879 2764; x_wconf 91' lang='lat' dir='ltr'><strong>non</strong></span> <span class='ocrx_word' id='word_1_182' title='bbox 898 2700 1096 2788; x_wconf 89' lang='lat' dir='ltr'><strong>Babylonia,</strong></span> <span class='ocrx_word' id='word_1_183' title='bbox 1114 2700 1155 2764; x_wconf 89' lang='lat' dir='ltr'><strong>de</strong></span> <span class='ocrx_word' id='word_1_184' title='bbox 1175 2724 1239 2788; x_wconf 88' lang='lat' dir='ltr'><strong>qua</strong></span> <span class='ocrx_word' id='word_1_185' title='bbox 1260 2725 1359 2789; x_wconf 90' lang='lat' dir='ltr'><strong>supra</strong></span> <span class='ocrx_word' id='word_1_186' title='bbox 1375 2701 1493 2766; x_wconf 89' lang='lat' dir='ltr'><strong>memi-</strong></span> 
     </span>
     <span class='ocr_line' id='line_1_23' title="bbox 375 2799 1493 2890; baseline 0.004 -27"><span class='ocrx_word' id='word_1_187' title='bbox 375 2799 497 2881; x_wconf 86' lang='lat' dir='ltr'><strong>nimus,</strong></span> <span class='ocrx_word' id='word_1_188' title='bbox 515 2801 573 2865; x_wconf 92' lang='lat' dir='ltr'><strong>sed</strong></span> <span class='ocrx_word' id='word_1_189' title='bbox 589 2800 772 2889; x_wconf 89' lang='lat' dir='ltr'><strong>Babylonia</strong></span> <span class='ocrx_word' id='word_1_190' title='bbox 794 2800 908 2865; x_wconf 89' lang='lat' dir='ltr'><strong>civitas</strong></span> <span class='ocrx_word' id='word_1_191' title='bbox 925 2800 1118 2878; x_wconf 89' lang='lat' dir='ltr'><strong>collocatur,</strong></span> <span class='ocrx_word' id='word_1_192' title='bbox 1141 2799 1175 2864; x_wconf 91' lang='lat' dir='ltr'><strong>in</strong></span> <span class='ocrx_word' id='word_1_193' title='bbox 1194 2826 1260 2888; x_wconf 91' lang='lat' dir='ltr'><strong>quo</strong></span> <span class='ocrx_word' id='word_1_194' title='bbox 1276 2803 1396 2890; x_wconf 90' lang='lat' dir='ltr'><strong>loseph</strong></span> <span class='ocrx_word' id='word_1_195' title='bbox 1412 2803 1493 2868; x_wconf 89' lang='lat' dir='ltr'><strong>hor-</strong></span> 
     </span>
     <span class='ocr_line' id='line_1_24' title="bbox 376 2903 1491 2992; baseline 0.003 -26"><span class='ocrx_word' id='word_1_196' title='bbox 376 2925 431 2966; x_wconf 89' lang='lat' dir='ltr'><strong>rea</strong></span> <span class='ocrx_word' id='word_1_197' title='bbox 450 2904 532 2968; x_wconf 90' lang='lat' dir='ltr'><strong>miro</strong></span> <span class='ocrx_word' id='word_1_198' title='bbox 545 2928 646 2991; x_wconf 89' lang='lat' dir='ltr'><strong>opere</strong></span> <span class='ocrx_word' id='word_1_199' title='bbox 657 2904 699 2968; x_wconf 94' lang='lat' dir='ltr'><strong>de</strong></span> <span class='ocrx_word' id='word_1_200' title='bbox 711 2904 879 2992; x_wconf 90' lang='lat' dir='ltr'><strong>lapidibus</strong></span> <span class='ocrx_word' id='word_1_201' title='bbox 894 2904 1029 2992; x_wconf 89' lang='lat' dir='ltr'><strong>quadris</strong></span> <span class='ocrx_word' id='word_1_202' title='bbox 1045 2915 1078 2968; x_wconf 91' lang='lat' dir='ltr'><strong>et</strong></span> <span class='ocrx_word' id='word_1_203' title='bbox 1093 2915 1282 2990; x_wconf 91' lang='lat' dir='ltr'><strong>cymentum</strong></span> <span class='ocrx_word' id='word_1_204' title='bbox 1292 2903 1491 2985; x_wconf 87' lang='lat' dir='ltr'><strong>aedificavit,</strong></span> 
     </span>
     <span class='ocr_line' id='line_1_25' title="bbox 376 3002 1477 3098; baseline 0.003 -30"><span class='ocrx_word' id='word_1_205' title='bbox 376 3002 421 3069; x_wconf 90' lang='lat' dir='ltr'><strong>ita</strong></span> <span class='ocrx_word' id='word_1_206' title='bbox 442 3017 478 3069; x_wconf 94' lang='lat' dir='ltr'><strong>ut</strong></span> <span class='ocrx_word' id='word_1_207' title='bbox 500 3005 540 3069; x_wconf 89' lang='lat' dir='ltr'><strong>ad</strong></span> <span class='ocrx_word' id='word_1_208' title='bbox 559 3006 694 3070; x_wconf 91' lang='lat' dir='ltr'><strong>fundam</strong></span> <span class='ocrx_word' id='word_1_209' title='bbox 717 3005 903 3095; x_wconf 91' lang='lat' dir='ltr'><strong>capatiora,</strong></span> <span class='ocrx_word' id='word_1_210' title='bbox 924 3006 964 3070; x_wconf 87' lang='lat' dir='ltr'><strong>ad</strong></span> <span class='ocrx_word' id='word_1_211' title='bbox 986 3029 1146 3070; x_wconf 90' lang='lat' dir='ltr'><strong>summam</strong></span> <span class='ocrx_word' id='word_1_212' title='bbox 1168 3030 1246 3070; x_wconf 90' lang='lat' dir='ltr'><strong>vcro</strong></span> <span class='ocrx_word' id='word_1_213' title='bbox 1266 3005 1448 3071; x_wconf 90' lang='lat' dir='ltr'><strong>constricta</strong></span> <span class='ocrx_word' id='word_1_214' title='bbox 1464 3007 1477 3098; x_wconf 73' lang='lat' dir='ltr'><strong>l}</strong></span> 
     </span>
    </p>

    <p class='ocr_par' dir='ltr' id='par_1_7' title="bbox 256 3106 1541 4425">
     <span class='ocr_line' id='line_1_26' title="bbox 256 3106 1537 3196; baseline 0.006 -26"><span class='ocrx_word' id='word_1_215' title='bbox 256 3131 311 3180; x_wconf 87' lang='lat' dir='ltr'><strong>Col.</strong></span> <span class='ocrx_word' id='word_1_216' title='bbox 326 3132 364 3180; x_wconf 81' lang='lat'><strong>13.</strong></span> <span class='ocrx_word' id='word_1_217' title='bbox 377 3106 459 3186; x_wconf 90' lang='lat' dir='ltr'><strong>siut,</strong></span> <span class='ocrx_word' id='word_1_218' title='bbox 486 3119 523 3172; x_wconf 87' lang='lat' dir='ltr'><strong>ut</strong></span> <span class='ocrx_word' id='word_1_219' title='bbox 540 3132 600 3196; x_wconf 92' lang='lat' dir='ltr'><strong>per</strong></span> <span class='ocrx_word' id='word_1_220' title='bbox 621 3108 792 3196; x_wconf 91' lang='lat' dir='ltr'><strong>parvolum</strong></span> <span class='ocrx_word' id='word_1_221' title='bbox 815 3108 963 3173; x_wconf 79' lang='lat' dir='ltr'><strong>foramen</strong></span> <span class='ocrx_word' id='word_1_222' title='bbox 986 3106 1111 3172; x_wconf 89' lang='lat' dir='ltr'><strong>ibidem</strong></span> <span class='ocrx_word' id='word_1_223' title='bbox 1134 3107 1281 3173; x_wconf 88' lang='lat' dir='ltr'><strong>triticum</strong></span> <span class='ocrx_word' id='word_1_224' title='bbox 1306 3108 1491 3190; x_wconf 83' lang='lat' dir='ltr'><strong>iaceretur3</strong></span> <span class='ocrx_word' id='word_1_225' title='bbox 1509 3139 1537 3178; x_wconf 77' lang='lat' dir='ltr'><strong>aa</strong></span> 
     </span>
     <span class='ocr_line' id='line_1_27' title="bbox 376 3208 1494 3299; baseline 0.003 -25"><span class='ocrx_word' id='word_1_226' title='bbox 376 3234 460 3299; x_wconf 92' lang='lat' dir='ltr'><strong>quae</strong></span> <span class='ocrx_word' id='word_1_227' title='bbox 479 3210 599 3274; x_wconf 92' lang='lat' dir='ltr'><strong>horrea</strong></span> <span class='ocrx_word' id='word_1_228' title='bbox 616 3235 722 3298; x_wconf 90' lang='lat' dir='ltr'><strong>usque</strong></span> <span class='ocrx_word' id='word_1_229' title='bbox 741 3209 842 3274; x_wconf 88' lang='lat' dir='ltr'><strong>hodie</strong></span> <span class='ocrx_word' id='word_1_230' title='bbox 863 3221 1056 3274; x_wconf 91' lang='lat' dir='ltr'><strong>cernuntur.</strong></span> <span class='ocrx_word' id='word_1_231' title='bbox 1077 3211 1127 3274; x_wconf 89' lang='lat' dir='ltr'><strong>De</strong></span> <span class='ocrx_word' id='word_1_232' title='bbox 1144 3209 1206 3272; x_wconf 92' lang='lat' dir='ltr'><strong>hac</strong></span> <span class='ocrx_word' id='word_1_233' title='bbox 1222 3208 1353 3273; x_wconf 89' lang='lat' dir='ltr'><strong>civitate</strong></span> <span class='ocrx_word' id='word_1_234' title='bbox 1375 3234 1431 3284; x_wconf 80' lang='lat' dir='ltr'><strong>rex</strong></span> <span class='ocrx_word' id='word_1_235' title='bbox 1451 3214 1494 3278; x_wconf 90' lang='lat' dir='ltr'><strong>ad</strong></span> 
     </span>
     <span class='ocr_line' id='line_1_28' title="bbox 376 3309 1495 3401; baseline 0.002 -25"><span class='ocrx_word' id='word_1_236' title='bbox 376 3311 646 3401; x_wconf 88' lang='lat' dir='ltr'><strong>persequendum</strong></span> <span class='ocrx_word' id='word_1_237' title='bbox 664 3313 832 3376; x_wconf 88' lang='lat' dir='ltr'><strong>Hebraeos</strong></span> <span class='ocrx_word' id='word_1_238' title='bbox 853 3336 927 3376; x_wconf 90' lang='lat' dir='ltr'><strong>cum</strong></span> <span class='ocrx_word' id='word_1_239' title='bbox 946 3309 1147 3376; x_wconf 85' lang='lat' dir='ltr'><strong>exercitibus</strong></span> <span class='ocrx_word' id='word_1_240' title='bbox 1166 3334 1322 3376; x_wconf 89' lang='lat' dir='ltr'><strong>curruum</strong></span> <span class='ocrx_word' id='word_1_241' title='bbox 1337 3335 1374 3375; x_wconf 92' lang='lat' dir='ltr'><strong>ac</strong></span> <span class='ocrx_word' id='word_1_242' title='bbox 1391 3312 1495 3378; x_wconf 90' lang='lat' dir='ltr'><strong>multa</strong></span> 
     </span>
     <span class='ocr_line' id='line_1_29' title="bbox 375 3412 1494 3503; baseline 0.002 -25"><span class='ocrx_word' id='word_1_243' title='bbox 375 3414 524 3503; x_wconf 86' lang='lat' dir='ltr'><strong>pedestri</strong></span> <span class='ocrx_word' id='word_1_244' title='bbox 560 3438 658 3478; x_wconf 91' lang='lat' dir='ltr'><strong>manu</strong></span> <span class='ocrx_word' id='word_1_245' title='bbox 690 3414 836 3478; x_wconf 89' lang='lat' dir='ltr'><strong>directus</strong></span> <span class='ocrx_word' id='word_1_246' title='bbox 871 3427 931 3480; x_wconf 89' lang='lat' dir='ltr'><strong>est.</strong></span> <span class='ocrx_word' id='word_1_247' title='bbox 964 3413 1162 3478; x_wconf 85' lang='lat' dir='ltr'><strong>Antedictus</strong></span> <span class='ocrx_word' id='word_1_248' title='bbox 1191 3438 1269 3478; x_wconf 91' lang='lat' dir='ltr'><strong>vero</strong></span> <span class='ocrx_word' id='word_1_249' title='bbox 1301 3412 1418 3478; x_wconf 86' lang='lat' dir='ltr'><strong>lluvius</strong></span> <span class='ocrx_word' id='word_1_250' title='bbox 1451 3417 1494 3480; x_wconf 90' lang='lat' dir='ltr'><strong>ab</strong></span> 
     </span>
     <span class='ocr_line' id='line_1_30' title="bbox 376 3514 1494 3604; baseline 0.001 -23"><span class='ocrx_word' id='word_1_251' title='bbox 376 3514 506 3581; x_wconf 90' lang='lat' dir='ltr'><strong>oriente</strong></span> <span class='ocrx_word' id='word_1_252' title='bbox 528 3515 684 3592; x_wconf 87' lang='lat' dir='ltr'><strong>veniens,</strong></span> <span class='ocrx_word' id='word_1_253' title='bbox 710 3516 750 3579; x_wconf 91' lang='lat' dir='ltr'><strong>ad</strong></span> <span class='ocrx_word' id='word_1_254' title='bbox 776 3515 1018 3582; x_wconf 89' lang='lat' dir='ltr'><strong>occidentalem</strong></span> <span class='ocrx_word' id='word_1_255' title='bbox 1043 3515 1174 3604; x_wconf 87' lang='lat' dir='ltr'><strong>plagam</strong></span> <span class='ocrx_word' id='word_1_256' title='bbox 1200 3539 1315 3580; x_wconf 92' lang='lat' dir='ltr'><strong>versus</strong></span> <span class='ocrx_word' id='word_1_257' title='bbox 1343 3517 1494 3582; x_wconf 86' lang='lat' dir='ltr'><strong>Rubrum</strong></span> 
     </span>
     <span class='ocr_line' id='line_1_31' title="bbox 376 3615 1538 3708; baseline 0.002 -26"><span class='ocrx_word' id='word_1_258' title='bbox 376 3642 465 3683; x_wconf 90' lang='lat' dir='ltr'><strong>mare</strong></span> <span class='ocrx_word' id='word_1_259' title='bbox 484 3617 591 3697; x_wconf 87' lang='lat' dir='ltr'><strong>vadit;</strong></span> <span class='ocrx_word' id='word_1_260' title='bbox 616 3620 656 3683; x_wconf 90' lang='lat' dir='ltr'><strong>ab</strong></span> <span class='ocrx_word' id='word_1_261' title='bbox 684 3617 859 3683; x_wconf 91' lang='lat' dir='ltr'><strong>occidente</strong></span> <span class='ocrx_word' id='word_1_262' title='bbox 885 3642 964 3683; x_wconf 92' lang='lat' dir='ltr'><strong>vero</strong></span> <span class='ocrx_word' id='word_1_263' title='bbox 986 3630 1138 3708; x_wconf 87' lang='lat' dir='ltr'><strong>stagnum</strong></span> <span class='ocrx_word' id='word_1_264' title='bbox 1163 3617 1231 3680; x_wconf 89' lang='lat' dir='ltr'><strong>sive</strong></span> <span class='ocrx_word' id='word_1_265' title='bbox 1255 3615 1428 3682; x_wconf 88' lang='lat' dir='ltr'><strong>brachium</strong></span> <span class='ocrx_word' id='word_1_266' title='bbox 1451 3619 1494 3684; x_wconf 87' lang='lat' dir='ltr'><strong>dc</strong></span> <span class='ocrx_word' id='word_1_267' title='bbox 1509 3650 1538 3689; x_wconf 81' lang='lat'><strong>³0</strong></span> 
     </span>
     <span class='ocr_line' id='line_1_32' title="bbox 376 3717 1495 3810; baseline 0.002 -26"><span class='ocrx_word' id='word_1_268' title='bbox 376 3745 465 3786; x_wconf 90' lang='lat' dir='ltr'><strong>mare</strong></span> <span class='ocrx_word' id='word_1_269' title='bbox 487 3723 636 3788; x_wconf 84' lang='lat' dir='ltr'><strong>Rubrum</strong></span> <span class='ocrx_word' id='word_1_270' title='bbox 652 3720 868 3810; x_wconf 83' lang='lat' dir='ltr'><strong>progreditur</strong></span> <span class='ocrx_word' id='word_1_271' title='bbox 886 3733 919 3785; x_wconf 90' lang='lat' dir='ltr'><strong>et</strong></span> <span class='ocrx_word' id='word_1_272' title='bbox 932 3720 1023 3785; x_wconf 90' lang='lat' dir='ltr'><strong>vadit</strong></span> <span class='ocrx_word' id='word_1_273' title='bbox 1041 3732 1156 3784; x_wconf 87' lang='lat' dir='ltr'><strong>contra</strong></span> <span class='ocrx_word' id='word_1_274' title='bbox 1172 3717 1352 3799; x_wconf 88' lang='lat' dir='ltr'><strong>orientem,</strong></span> <span class='ocrx_word' id='word_1_275' title='bbox 1365 3721 1495 3786; x_wconf 89' lang='lat' dir='ltr'><strong>hahens</strong></span> 
     </span>
     <span class='ocr_line' id='line_1_33' title="bbox 376 3820 1495 3912; baseline -0.001 -25"><span class='ocrx_word' id='word_1_276' title='bbox 376 3822 409 3888; x_wconf 90' lang='lat' dir='ltr'><strong>in</strong></span> <span class='ocrx_word' id='word_1_277' title='bbox 425 3822 563 3912; x_wconf 87' lang='lat' dir='ltr'><strong>longum</strong></span> <span class='ocrx_word' id='word_1_278' title='bbox 585 3821 676 3887; x_wconf 90' lang='lat' dir='ltr'><strong>milia</strong></span> <span class='ocrx_word' id='word_1_279' title='bbox 694 3821 829 3888; x_wconf 88' lang='lat' dir='ltr'><strong>circiter</strong></span> <span class='ocrx_word' id='word_1_280' title='bbox 848 3821 1109 3912; x_wconf 86' lang='lat' dir='ltr'><strong>quinquaginta,</strong></span> <span class='ocrx_word' id='word_1_281' title='bbox 1126 3820 1161 3884; x_wconf 93' lang='lat' dir='ltr'><strong>in</strong></span> <span class='ocrx_word' id='word_1_282' title='bbox 1177 3820 1243 3884; x_wconf 93' lang='lat' dir='ltr'><strong>lato</strong></span> <span class='ocrx_word' id='word_1_283' title='bbox 1262 3833 1371 3884; x_wconf 90' lang='lat' dir='ltr'><strong>autem</strong></span> <span class='ocrx_word' id='word_1_284' title='bbox 1385 3821 1495 3886; x_wconf 90' lang='lat' dir='ltr'><strong>decim</strong></span> 
     </span>
     <span class='ocr_line' id='line_1_34' title="bbox 376 3921 1496 4016; baseline -0.002 -26"><span class='ocrx_word' id='word_1_285' title='bbox 376 3937 409 3990; x_wconf 89' lang='lat' dir='ltr'><strong>et</strong></span> <span class='ocrx_word' id='word_1_286' title='bbox 424 3937 511 3990; x_wconf 88' lang='lat' dir='ltr'><strong>octo.</strong></span> <span class='ocrx_word' id='word_1_287' title='bbox 535 3927 577 3990; x_wconf 91' lang='lat' dir='ltr'><strong>Et</strong></span> <span class='ocrx_word' id='word_1_288' title='bbox 595 3924 694 3991; x_wconf 91' lang='lat' dir='ltr'><strong>huius</strong></span> <span class='ocrx_word' id='word_1_289' title='bbox 711 3926 820 4016; x_wconf 88' lang='lat' dir='ltr'><strong>stagni</strong></span> <span class='ocrx_word' id='word_1_290' title='bbox 841 3924 948 4013; x_wconf 89' lang='lat' dir='ltr'><strong>capite</strong></span> <span class='ocrx_word' id='word_1_291' title='bbox 965 3925 1097 4012; x_wconf 91' lang='lat' dir='ltr'><strong>Clysma</strong></span> <span class='ocrx_word' id='word_1_292' title='bbox 1116 3921 1231 3988; x_wconf 90' lang='lat' dir='ltr'><strong>civitas</strong></span> <span class='ocrx_word' id='word_1_293' title='bbox 1252 3921 1424 3988; x_wconf 84' lang='lat' dir='ltr'><strong>aedificata</strong></span> <span class='ocrx_word' id='word_1_294' title='bbox 1444 3937 1496 3988; x_wconf 92' lang='lat' dir='ltr'><strong>est</strong></span> 
     </span>
     <span class='ocr_line' id='line_1_35' title="bbox 376 4023 1496 4117; baseline -0.002 -25"><span class='ocrx_word' id='word_1_295' title='bbox 376 4051 445 4092; x_wconf 92' lang='lat' dir='ltr'><strong>non</strong></span> <span class='ocrx_word' id='word_1_296' title='bbox 457 4040 596 4117; x_wconf 89' lang='lat' dir='ltr'><strong>propter</strong></span> <span class='ocrx_word' id='word_1_297' title='bbox 616 4026 821 4093; x_wconf 81' lang='lat' dir='ltr'><strong>fertilitatem</strong></span> <span class='ocrx_word' id='word_1_298' title='bbox 838 4025 923 4108; x_wconf 89' lang='lat' dir='ltr'><strong>loci,</strong></span> <span class='ocrx_word' id='word_1_299' title='bbox 942 4051 1016 4092; x_wconf 89' lang='lat' dir='ltr'><strong>cum</strong></span> <span class='ocrx_word' id='word_1_300' title='bbox 1033 4024 1116 4090; x_wconf 91' lang='lat' dir='ltr'><strong>nihil</strong></span> <span class='ocrx_word' id='word_1_301' title='bbox 1137 4023 1180 4088; x_wconf 92' lang='lat' dir='ltr'><strong>sit</strong></span> <span class='ocrx_word' id='word_1_302' title='bbox 1194 4024 1268 4112; x_wconf 93' lang='lat' dir='ltr'><strong>plus</strong></span> <span class='ocrx_word' id='word_1_303' title='bbox 1285 4025 1416 4105; x_wconf 90' lang='lat' dir='ltr'><strong>sterile,</strong></span> <span class='ocrx_word' id='word_1_304' title='bbox 1435 4026 1496 4090; x_wconf 91' lang='lat' dir='ltr'><strong>sed</strong></span> 
     </span>
     <span class='ocr_line' id='line_1_36' title="bbox 377 4124 1541 4219; baseline -0.003 -25"><span class='ocrx_word' id='word_1_305' title='bbox 377 4140 515 4219; x_wconf 93' lang='lat' dir='ltr'><strong>propter</strong></span> <span class='ocrx_word' id='word_1_306' title='bbox 537 4142 687 4218; x_wconf 88' lang='lat' dir='ltr'><strong>portum,</strong></span> <span class='ocrx_word' id='word_1_307' title='bbox 710 4129 786 4219; x_wconf 88' lang='lat' dir='ltr'><strong>quia</strong></span> <span class='ocrx_word' id='word_1_308' title='bbox 809 4153 908 4194; x_wconf 91' lang='lat' dir='ltr'><strong>naves</strong></span> <span class='ocrx_word' id='word_1_309' title='bbox 928 4130 969 4192; x_wconf 92' lang='lat' dir='ltr'><strong>ab</strong></span> <span class='ocrx_word' id='word_1_310' title='bbox 987 4125 1092 4193; x_wconf 90' lang='lat' dir='ltr'><strong>lndiis</strong></span> <span class='ocrx_word' id='word_1_311' title='bbox 1112 4125 1283 4191; x_wconf 88' lang='lat' dir='ltr'><strong>venientes</strong></span> <span class='ocrx_word' id='word_1_312' title='bbox 1303 4124 1429 4190; x_wconf 89' lang='lat' dir='ltr'><strong>ibidem</strong></span> <span class='ocrx_word' id='word_1_313' title='bbox 1451 4128 1496 4191; x_wconf 94' lang='lat' dir='ltr'><strong>ob</strong></span> <span class='ocrx_word' id='word_1_314' title='bbox 1512 4163 1541 4202; x_wconf 73' lang='lat'><strong>³5</strong></span> 
     </span>
     <span class='ocr_line' id='line_1_37' title="bbox 377 4229 1499 4321; baseline -0.004 -24"><span class='ocrx_word' id='word_1_315' title='bbox 377 4245 494 4320; x_wconf 91' lang='lat' dir='ltr'><strong>portus</strong></span> <span class='ocrx_word' id='word_1_316' title='bbox 513 4231 773 4321; x_wconf 89' lang='lat' dir='ltr'><strong>oportunitatem</strong></span> <span class='ocrx_word' id='word_1_317' title='bbox 793 4231 986 4321; x_wconf 83' lang='lat' dir='ltr'><strong>quiescunt3</strong></span> <span class='ocrx_word' id='word_1_318' title='bbox 1004 4229 1061 4295; x_wconf 92' lang='lat' dir='ltr'><strong>ubi</strong></span> <span class='ocrx_word' id='word_1_319' title='bbox 1080 4239 1280 4318; x_wconf 88' lang='lat' dir='ltr'><strong>conparatae</strong></span> <span class='ocrx_word' id='word_1_320' title='bbox 1294 4251 1420 4292; x_wconf 89' lang='lat' dir='ltr'><strong>merces</strong></span> <span class='ocrx_word' id='word_1_321' title='bbox 1435 4253 1499 4316; x_wconf 88' lang='lat' dir='ltr'><strong>per</strong></span> 
     </span>
     <span class='ocr_line' id='line_1_38' title="bbox 378 4329 1496 4425; baseline -0.002 -28"><span class='ocrx_word' id='word_1_322' title='bbox 378 4344 480 4398; x_wconf 88' lang='lat' dir='ltr'><strong>totam</strong></span> <span class='ocrx_word' id='word_1_323' title='bbox 500 4333 687 4424; x_wconf 79' lang='lat' dir='ltr'><strong>Aegyptum</strong></span> <span class='ocrx_word' id='word_1_324' title='bbox 703 4334 933 4425; x_wconf 88' lang='lat' dir='ltr'><strong>deportantur.</strong></span> <span class='ocrx_word' id='word_1_325' title='bbox 953 4333 1004 4400; x_wconf 82' lang='lat' dir='ltr'><strong>Ad</strong></span> <span class='ocrx_word' id='word_1_326' title='bbox 1025 4334 1114 4400; x_wconf 91' lang='lat' dir='ltr'><strong>hunc</strong></span> <span class='ocrx_word' id='word_1_327' title='bbox 1133 4344 1286 4421; x_wconf 87' lang='lat' dir='ltr'><strong>stagnum</strong></span> <span class='ocrx_word' id='word_1_328' title='bbox 1305 4354 1365 4420; x_wconf 91' lang='lat' dir='ltr'><strong>per</strong></span> <span class='ocrx_word' id='word_1_329' title='bbox 1380 4329 1496 4398; x_wconf 91' lang='lat' dir='ltr'><strong>deser-</strong></span> 
     </span>
    </p>
   </div>
   <div class='ocr_carea' id='block_1_5' title="bbox 0 0 1626 5140">
    <p class='ocr_par' dir='ltr' id='par_1_8' title="bbox 0 0 1626 5140">
     <span class='ocr_line' id='line_1_39' title="bbox 0 0 1626 5140; baseline 0 0"><span class='ocrx_word' id='word_1_330' title='bbox 0 0 1626 5140; x_wconf 95' lang='lat' dir='ltr'><strong> </strong></span> 
     </span>
    </p>
   </div>
  </div>
 </body>
</html>
