3220 5158
368 524 399 568 60
651 519 809 570 GREGORII
826 519 1033 568 TURONENSIS
1050 519 1201 569 EPISCOPl

369 636 585 716 adornantur,
604 635 836 725 baptisterium
853 635 1066 724 conponitur,
1085 637 1231 702 balsama
1246 636 1481 717 difunduntur,

370 737 493 804 micant
507 737 684 830 flagrantes
701 740 803 804 odore
817 738 904 804 cerei
915 790 924 825 ,
936 751 1110 828 totumque
1126 739 1285 828 templum
1295 738 1484 828 baptisterii

368 838 481 905 divino
500 841 706 934 respergitur
724 843 764 906 ab
792 842 893 907 odore
906 893 914 922 ,
926 841 1093 930 talemque
1112 840 1176 906 sibi
1191 841 1331 932 gratiam
1350 842 1485 907 adstan-

368 941 458 1008 tibus
489 943 652 1009 Dominus
676 944 813 1024 tribuit,
835 956 873 1010 ut
890 941 1105 1009 aestimarent
1132 969 1166 1009 se
1194 943 1348 1032 paradysi
1374 943 1483 1026 odori·

368 1047 430 1111 bus
458 1045 625 1111 collocari.
660 1049 730 1112 Rex
763 1070 843 1138 ergo
869 1047 962 1136 prior
997 1045 1169 1136 poposcit,
1205 1070 1240 1110 se
1267 1070 1284 1110 a
1314 1045 1515 1136 pontefecis

253 1153 307 1202 Fol·
319 1155 358 1206 26·
369 1146 549 1236 baptizare.
581 1145 595 1239 ΙΙ
623 1149 780 1215 Procedit
808 1173 911 1215 novus
945 1147 1185 1215 Constantinus
1220 1148 1261 1213 ad
1296 1148 1482 1229 lavacrum,

250 1251 303 1299 ⁰⁰¹·
318 1253 355 1300 84.
368 1251 538 1317 deleturus
575 1252 687 1340 leprae
715 1251 836 1318 veteris
866 1253 1018 1317 morbum
1053 1250 1295 1340 sordentesque
1326 1248 1484 1342 mallculas

367 1365 478 1444 gestas
495 1353 677 1444 antiquitus
698 1355 824 1421 recenti
849 1354 947 1421 latice
967 1355 1148 1419 deleturus.
1177 1353 1238 1419 Cui
1265 1352 1417 1446 ingresso
1441 1353 1485 1418 ad

368 1455 570 1546 baptismum
596 1471 730 1523 sauctus
761 1458 822 1524 Dei
857 1457 903 1522 sic
930 1457 1031 1522 infert
1057 1482 1114 1522 ore
1140 1455 1313 1522 facundo:
1345 1482 1362 1518 a
1394 1455 1485 1521 Mitis

368 1559 499 1649 depone
523 1559 624 1639 colla,
655 1560 846 1652 Sigamber;
871 1559 972 1626 adora
1000 1559 1090 1649 quod
1117 1557 1315 1640 incendisti,
1340 1557 1486 1624 incende
1502 1584 1536 1622 ιο

369 1663 458 1751 qnod
481 1661 638 1727 adorasti.
664 1687 681 1726 n
712 1667 791 1728 Erat
812 1675 921 1730 autem
947 1675 1080 1727 sanctus
1108 1660 1279 1751 Remigius
1306 1660 1486 1751 episcopus

369 1764 523 1856 egregiae
544 1764 702 1831 scientiae
727 1779 761 1831 et
781 1764 957 1830 rethoricis
977 1765 1164 1854 adprimum
1194 1762 1331 1829 inbutus
1351 1762 1484 1843 studiis,

369 1869 428 1933 sed
444 1882 477 1934 et
497 1868 672 1934 sanctitate
688 1870 734 1934 ita
751 1869 931 1959 praelatus,
951 1880 988 1932 nt
1012 1867 1118 1933 sancti
1138 1866 1289 1934 Silvestri
1306 1865 1486 1932 virtutibus

369 1985 577 2062 aequaretur.
599 1975 659 2037 Est
678 1971 767 2037 enim
785 1996 874 2036 nunc
889 1971 976 2036 liber
990 1968 1075 2035 vitae
1093 1970 1180 2050 eius,
1205 1970 1262 2064 q'ui
1282 1995 1357 2036 eum
1373 1982 1489 2034 narrat

370 2085 534 2138 mortuum
549 2073 738 2140 suscitasse.
760 2075 866 2165 Igitur
883 2098 940 2138 rex
954 2071 1218 2163 omnipotentem
1234 2076 1340 2138 Deum
1354 2071 1392 2136 in
1410 2071 1485 2137 Tri·
1503 2097 1536 2136 ¹5

369 2176 507 2240 nitatem
530 2176 718 2256 confessus,
746 2177 933 2266 baptizatus
958 2175 993 2239 in
1013 2177 1148 2240 nomine
1166 2175 1274 2242 Patris
1301 2187 1335 2240 et
1353 2174 1429 2242 Filii
1449 2186 1486 2239 et

371 2277 515 2366 Spiritus
534 2277 640 2342 sancti
659 2277 894 2368 delibutusque
915 2301 1008 2342 sacro
1028 2275 1201 2342 crismatae
1220 2302 1294 2342 cum
1313 2274 1487 2368 signaculo

370 2381 477 2444 crucis
496 2379 633 2445 Christi.
654 2383 704 2446 De
723 2381 870 2446 exercitu
884 2383 961 2445 vero
983 2379 1053 2446 eius
1072 2381 1232 2469 baptizati
1246 2393 1324 2444 sunt
1344 2379 1487 2469 amplius

369 2483 433 2546 tria
452 2481 552 2547 milia.
573 2482 744 2571 Baptizata
765 2496 865 2548 estet
886 2507 980 2548 soror
1000 2482 1071 2548 eius
1091 2481 1288 2562 Albolledis,
1311 2506 1395 2572 quae
1417 2505 1485 2546 non

369 2596 447 2673 post
464 2585 602 2649 multum
629 2597 760 2674 tempus
781 2584 934 2675 migravit
957 2586 997 2650 ad
1017 2584 1208 2651 Dominum.
1237 2586 1302 2649 Pro
1324 2608 1388 2673 qua
1406 2607 1482 2648 cnm
1497 2610 1531 2648 ao

369 2711 427 2752 rex
451 2685 717 2769 contristaretur,
749 2699 882 2753 sanctus
911 2687 1082 2778 Remigius
1107 2687 1364 2753 consolaturiam
1395 2684 1489 2752 misit

369 2789 562 2877 epistolam,
593 2813 676 2878 quae
698 2790 762 2854 hoc
787 2791 886 2855 modo
913 2789 1056 2880 sumpsit
1079 2789 1251 2856 exordium
1276 2815 1283 2852 ε
1307 2787 1413 2878 Auget
1434 2813 1488 2852 me

369 2907 399 2956 et
413 2899 495 2957 satis
512 2917 561 2956 me
582 2907 680 2984 unget
698 2907 825 2958 vestrae
840 2917 944 2958 cansa
959 2899 1122 2974 tristitiae,
1142 2893 1230 2982 quod
1249 2893 1352 2956 bonae
1368 2915 1486 2955 memo-

354 3000 440 3058 ·rr'ae
453 3018 618 3084 germana
640 3010 748 3059 vestro
767 3000 899 3059 transiit
918 2994 1107 3084 Albofledia
1131 2996 1196 3066 Sed
1216 2993 1386 3084 consolare
1405 3019 1487 3082 pos·

368 3121 498 3176 snmus,
516 3103 594 3187 qru‘a
616 3099 698 3162 tales
717 3098 756 3162 de
777 3098 837 3161 lroe
856 3099 975 3162 mundo
995 3102 1160 3187 migravit,
1185 3110 1219 3160 ut
1236 3099 1363 3186 suspici
1377 3101 1487 3184 magis
1501 3123 1533 3162 aa

250 3201 304 3251 00¹·
318 3206 356 3254 85.
368 3200 485 3264 debeat
503 3225 603 3290 qnam
620 3199 633 3291 Η
651 3201 772 3292 lugere.
795 3201 963 3265 Conversa
978 3213 1029 3266 est
1048 3202 1136 3265 enim
1158 3211 1192 3264 et
1215 3199 1277 3264 alia
1298 3223 1392 3263 soror
1412 3197 1487 3264 eius

369 3302 620 3368 Lanthechildis
635 3302 786 3384 nomine,
809 3328 892 3393 quae
909 3302 943 3367 in
958 3305 1102 3369 heresim
1122 3301 1337 3368 Arrianorum
1355 3301 1488 3390 dilapsa

368 3399 493 3478 fuerat,
516 3423 599 3488 qnae
625 3401 776 3466 confessa
806 3402 976 3493 aequalem
1003 3400 1123 3467 Filium
1150 3399 1239 3466 Patri
1265 3413 1298 3466 et
1322 3397 1485 3490 Spiritum

369 3513 537 3580 sanetum,
556 3500 734 3568 chrismata
750 3515 811 3568 est.
866 3579 870 3589 .

412 3683 518 3748 XXlll
555 3682 631 3770 (32).
667 3685 759 3748 Tunc
792 3682 1022 3750 Gnndobadus
1049 3694 1082 3746 et
1113 3681 1334 3771 Godegiselus
1365 3681 1484 3752 fratres
1499 3715 1531 3754 ao

369 3809 508 3876 regnum
543 3783 630 3850 circa
656 3786 855 3852 Rhodanum
887 3797 944 3850 aut
964 3784 1100 3849 Ararem
1138 3808 1212 3848 cum
1240 3783 1484 3852 Massiliensem

368 3886 573 3976 provinciam
598 3889 806 3952 retenebant.
836 3891 939 3954 Erant
961 3899 1070 3952 autem
1089 3899 1157 3950 tam
1176 3884 1226 3950 illi
1249 3909 1347 3974 quam
1367 3888 1484 3976 populi

369 4013 483 4054 eorum
500 3988 658 4054 Arrianae
682 4002 791 4055 sectae
813 3989 965 4056 subiecti.
990 3989 1141 4078 Cumque
1164 4013 1198 4052 se
1219 3986 1360 4053 invicem
1384 3987 1483 4077 inpu-

367 4105 525 4182 gnarent,
558 4091 686 4157 auditas
713 4092 935 4184 Godegiselus
954 4089 1180 4157 Chlodovechi
1206 4089 1294 4180 regis
1326 4089 1484 4158 victurias

368 4192 459 4259 misit
484 4195 525 4260 ad
548 4219 622 4260 eum
644 4194 845 4285 legationem
870 4195 1036 4273 occultae,
1062 4194 1177 4259 dicens
1203 4219 1209 4256 ι
1234 4217 1250 4254 u
1280 4191 1315 4258 Si
1341 4192 1422 4258 mihi
1441 4197 1483 4262 ad
1498 4226 1530 4266 as

368 4298 636 4387 persequendum
655 4297 789 4364 fratrem
810 4323 918 4362 meum
941 4295 1135 4387 praebueris
1153 4294 1329 4374 solacium,
1353 4307 1390 4360 ut
1407 4321 1482 4364 eum

368 4399 456 4464 bello
476 4399 673 4467 interfecere
698 4414 753 4468 aut
774 4401 816 4467 de
835 4401 971 4492 regione
995 4398 1123 4466 eiecere
1152 4396 1296 4487 possim,
1320 4396 1482 4467 tributum
