3226 5156
406 413 571 463 msroana
588 415 788 464 aalrcoaou
804 415 902 464 cruca
918 400 959 464 11².
1201 419 1244 466 125

127 529 314 620 gladiorum
328 529 450 595 ictibus
465 543 543 596 sunt
557 533 726 620 prostrati.
747 531 760 621 ll
777 531 824 597 Ac
843 531 890 597 sic
907 534 1159 600 Gunthramnus
1173 551 1242 615 rear,
1256 552 1312 601 Col.
1326 553 1379 601 171.
1423 545 1426 558 '

128 643 260 720 recepta
277 633 359 697 urbe
376 632 448 712 illa,
466 634 556 698 iuxta
571 633 848 700 consuetudinem
867 633 1027 700 bonitatis
1045 660 1123 700 suae
1140 630 1261 702 duen-¹

127 731 234 796 nicam
252 731 437 798 ditionibus
455 732 566 798 fratris
587 733 637 798 sui
658 733 814 800 restituit.

171 914 293 978 XXIIII
321 912 397 1000 (31).
434 911 539 1002 Igitur
567 915 602 980 in
636 913 753 979 Galliis
791 938 946 1004 magnum
982 914 1173 1005 prodIgium
1203 916 1245 981 dc

99 1014 327 1079 rTaureduno
346 1026 454 1079 castro
476 1013 641 1102 apparuit.
666 1016 775 1103 Super
793 1014 968 1081 Rodanum
985 1014 1119 1081 lluvium
1141 1016 1244 1081 collo-

126 1104 236 1180 catum
263 1127 344 1180 erat.
377 1113 442 1197 Qui
471 1139 545 1178 cum
569 1139 630 1203 per
653 1113 725 1179 dies
757 1113 898 1204 amplius
921 1119 976 1182 LX
1002 1116 1116 1183 nescio
1146 1143 1244 1207 quem

125 1216 289 1308 mugitum
308 1217 419 1297 daret,
439 1217 574 1282 tandem
601 1216 724 1282 scissus
752 1228 851 1306 atque
876 1231 1046 1306 separatos
1063 1243 1165 1284 vmous
1188 1219 1244 1285 ille

125 1322 166 1384 ab
197 1319 261 1384 alio
280 1333 396 1390 ⁸moute
424 1319 487 1384 sibi
515 1320 724 1409 propinquo,
756 1343 830 1384 cum
864 1318 1075 1399 hominibus,
1112 1320 1243 1386 eclesiis

125 1421 314 1512 opibusque
337 1447 373 1488 ac
397 1421 553 1487 domibus
573 1417 606 1484 in
634 1420 768 1486 lluvium
792 1420 877 1500 ruit,
906 1423 1105 1512 exclusaque
1136 1423 1243 1488 amnis

88 1523 216 1588 millius
238 1523 349 1604 litora,
376 1548 460 1612 aqua
487 1535 675 1590 retrorsum
698 1523 806 1612 petiit.
837 1527 944 1589 Locus
970 1525 1094 1590 etenim
1121 1525 1178 1591 ille
1200 1528 1243 1612 ab

126 1639 265 1715 utraque
298 1637 391 1714 parte
423 1650 440 1689 a
471 1624 641 1690 montibus
671 1625 820 1690 consitus
855 1639 946 1705 erat,¹
984 1625 1073 1692 inter
1103 1652 1243 1717 quorum

126 1725 296 1818 augustias
310 1734 442 1790 torrens
459 1725 585 1793 defluit.
598 1726 769 1791 Inundans
783 1751 863 1818 ergo
879 1729 1085 1816 superiorem
1101 1742 1241 1818 partem,

125 1854 208 1918 quae
229 1828 321 1918 ripae
339 1827 532 1894 insidebant
549 1828 682 1918 operuit
699 1842 798 1918 atque
814 1828 948 1894 delevit.
964 1830 1143 1896 Accomula
1154 1831 1242 1896 enim

125 1956 208 2022 aqua
227 1956 406 2020 erumpens
430 1930 607 2008 deursum,
628 1929 819 2020 inopinatos
845 1931 1040 2021 repperiens
1066 1932 1240 2014 homines,

90 2057 112 2096 15
127 2046 163 2100 ut
179 2035 325 2123 desuper
343 2033 483 2113 fecerat,
503 2031 594 2121 ipsos
613 2031 782 2124 enegavit,
808 2032 926 2097 domos
941 2032 1075 2113 evertit,
1096 2033 1243 2100 iumenta

126 2133 249 2218 delevit
274 2147 307 2199 ct
332 2145 453 2199 cuncta
477 2158 560 2222 quae
585 2133 740 2228 litoribus
767 2133 834 2198 illis
851 2133 1054 2201 insedebant
1077 2161 1182 2227 usque
1201 2137 1242 2202 ad

126 2241 280 2302 Ienuvam
306 2235 473 2302 civitatem
493 2237 639 2301 violenta
659 2250 758 2326 atque
777 2236 887 2304 subita
911 2236 1130 2304 inundatione
1152 2237 1241 2304 deri-

124 2339 198 2428 puit
212 2353 311 2429 atquc
332 2339 506 2404 subvertit.
528 2338 684 2406 Traditur
704 2364 721 2403 a
737 2338 863 2419 multis,
876 2333 1006 2404 ¹tantam
1023 2339 1036 2430 ΙΙ
1051 2342 1241 2430 congeriem
1254 2356 1309 2404 Fol.
1323 2358 1352 2404 52
1363 2365 1398 2404 νο.

125 2439 208 2506 inibi
226 2464 330 2529 aquae
350 2441 472 2519 luisse,
492 2453 529 2505 ut
544 2439 578 2506 in
597 2439 799 2506 antedictam
822 2438 989 2505 civitatem
1013 2465 1114 2532 super
1130 2466 1241 2507 muros

89 2568 114 2605 ao
128 2542 370 2634 ingrederetur.
404 2543 502 2625 Quod
535 2542 674 2607 dubium
696 2565 763 2608 non
791 2553 860 2620 est,
885 2539 983 2629 quia,
1010 2553 1046 2606 ut
1076 2541 1239 2626 diximus,

126 2645 283 2710 Rodunus
302 2642 338 2722 in
356 2643 439 2708 locis
457 2641 545 2708 illius
567 2645 655 2708 inter
672 2639 842 2734 angustias
860 2641 1023 2707 montium
1037 2641 1160 2708 defluit
1179 2669 1241 2708 nec

124 2743 239 2812 habuit
261 2743 294 2809 in
326 2743 446 2820 latero,
479 2768 553 2808 cum
584 2743 646 2810 fuit
678 2743 849 2822 exclusus,
881 2767 947 2831 quo
977 2767 1013 2808 se
1038 2741 1236 2808 deverteret.

124 2852 579 2934 Commotumquemontem,
597 2845 653 2935 qui
667 2845 900 2925 descenderat,
920 2845 1065 2910 adsemel
1081 2845 1193 2934 erupit
1209 2858 1242 2932 et

124 2949 169 3014 sic
188 2959 310 3014 cuncta
324 2945 456 3013 deleuit.
480 2948 577 3032 Quod
590 2972 664 3013 cum
680 2949 802 3013 factum
818 2945 946 3025 fuisset,
964 2949 1054 3013 XXX
1071 2947 1238 3028 monachi,

86 3077 110 3116 aa
124 3051 210 3118 unde
222 3061 331 3115 caster
350 3062 473 3129 ruerat,
490 3051 706 3128 advenerunt,
724 3061 758 3114 et
771 3061 893 3113 terram
905 3047 1008 3130 illam,
1026 3073 1109 3136 quae
1128 3061 1241 3113 monte

124 3155 284 3220 deruente
306 3165 522 3231 remanserat,
537 3152 719 3232 fodientes,
737 3176 792 3217 aes
813 3150 880 3216 sive
896 3151 1019 3215 ferrum
1031 3149 1237 3238 repperiunt.

124 3255 220 3340 Quod
237 3255 316 3319 dum
335 3267 488 3344 agerent,
508 3254 671 3346 mugitum
685 3253 819 3333 montiS,
831 3265 868 3318 ut
885 3251 978 3341 prius
992 3254 1109 3331 fuerat,
1130 3250 1239 3317 audie-

123 3370 210 3424 runt.
240 3357 308 3422 Sed
331 3357 450 3422 dumo
478 3382 572 3422 saeva
597 3355 780 3447 cupiditate
808 3367 1051 3434 retenerentur,
1080 3379 1158 3443 pars
1183 3353 1240 3418 illa

123 3485 206 3551 quae
232 3483 299 3523 uon
323 3457 492 3550 deruellrat
522 3484 623 3547 super
646 3485 704 3524 eos
727 3459 864 3538 occidit,
884 3481 968 3547 quos
987 3455 1120 3547 operuit
1140 3469 1239 3546 atque
1250 3468 1305 3518 1301.
1320 3470 1373 3518 172.

87 3587 110 3625 m
124 3559 307 3639 interfecit,
332 3586 393 3627 nec
413 3562 498 3626 ultra
523 3561 649 3628 inventi
674 3573 761 3626 sunt.
786 3558 948 3626 Similiter
966 3572 1000 3625 et
1015 3572 1091 3623 ante
1111 3558 1238 3624 cladem

122 3665 301 3730 Arvernam
316 3687 432 3753 magna
453 3662 623 3754 reglonem
642 3663 733 3728 illam
756 3661 909 3752 prodigia
931 3673 1133 3745 terruerunt.
1156 3663 1238 3727 Nam

121 3766 317 3856 plerumque
338 3777 404 3829 tres
430 3777 639 3854 etquattuor
664 3765 862 3854 splendores
887 3761 999 3854 magni
1024 3761 1112 3827 circa
1135 3763 1238 3827 solem

122 3879 362 3958 apparuerunt,
383 3866 472 3956 quod
486 3866 601 3932 rustici
618 3867 705 3932 soles
715 3868 895 3946 vocabant,
913 3866 1064 3931 dicentes
1085 3891 1092 3927 ε
1116 3895 1131 3927 a
1153 3867 1238 3930 Ecce

122 3981 186 4034 tres
199 3969 251 4034 vel
268 3981 424 4057 quattuor
440 3969 535 4050 soles
549 3968 584 4032 in
605 3968 748 4034 caelum!
770 3995 787 4032 a
810 3968 960 4051 Quadam
984 3979 1094 4030 tamen
1111 3964 1182 4030 vice
1203 3966 1237 4032 in

87 4097 110 4139 ³5
123 4070 272 4137 kalendis
298 4073 502 4137 Octobribus
529 4073 574 4136 ita
606 4071 656 4137 sol
681 4073 877 4136 obscuratus
902 4069 1075 4160 apparuit,
1106 4081 1142 4134 ut
1175 4095 1237 4135 nec

20 4199 22 4280 p
124 4187 237 4263 quarta
255 4172 391 4262 quidem
410 4199 487 4263 pars
508 4173 542 4239 in
569 4173 686 4238 eodem
709 4173 825 4239 lucens
850 4183 1053 4251 remaneret,
1072 4172 1130 4236 sed
1152 4183 1238 4236 teter

20 4307 21 4320 ¹
123 4288 219 4365 atquc
252 4276 389 4341 decolor
415 4301 598 4365 apparens,
625 4276 719 4365 quasi
748 4299 862 4341 saccus
887 4274 1074 4340 videbatur.
1098 4277 1180 4341 Nam
1206 4287 1238 4339 et
