3226 5156
366 464 411 510 1'16
642 464 799 513 GREGORll
817 461 1024 542 'tortonensis
1041 459 1192 507 EPISGOPI

294 625 296 629 ,
366 579 475 668 posito
491 604 558 645 non
577 579 682 646 del'uit
694 579 842 645 divinum
858 577 1026 643 auxilium.
1047 578 1129 642 Nam
1146 600 1221 640 oum
1239 574 1483 640 Chramnusita

231 701 284 748 Col.
299 701 352 748 159.

208 1705 262 1752 Fol.
274 1705 303 1750 ts
316 1713 350 1752 v⁰.

232 3135 286 3182 Col.
302 3137 354 3183 too.

366 706 439 746 eum
469 683 653 772 constringi
680 683 793 760 iussit,
824 694 862 745 ut
886 680 996 745 nullus
1025 678 1073 743 illi
1097 677 1110 768 ll
1133 677 1290 742 alimenta
1320 679 1483 764 praebere

364 796 607 873 praesumeret,
625 782 713 848 etita
733 784 835 848 artius
855 781 1096 859 custodiretur,
1118 793 1155 845 ut
1172 803 1233 844 nec
1245 802 1328 869 aqua
1345 778 1482 868 quidem

363 883 394 948 ei
407 883 539 948 haurire
555 884 687 962 liceret,
708 908 774 975 quo
789 882 918 949 facilius
937 881 1118 970 conpulsus
1131 878 1261 944 inaedia
1275 879 1348 969 ipse
1362 892 1482 969 sponte

364 1011 421 1050 sua
446 986 486 1051 dc
514 985 685 1051 basilicam
712 999 859 1050 sanctam
882 983 1050 1074 periturus
1073 982 1194 1060 exiret,
1222 982 1385 1047 accedens
1408 981 1478 1071 qui·
1510 1007 1523 1045 ῑ»

362 1089 439 1152 darn
455 1089 624 1152 vasculum
642 1088 691 1152 illi
710 1112 784 1152 eum
801 1111 885 1176 aqua
903 1087 1059 1150 simevivo
1082 1083 1203 1150 detulit
1222 1085 1263 1148 ed
1282 1084 1477 1172 potandum.

363 1193 437 1272 Quo
458 1202 612 1277 accepto,
634 1189 793 1254 volociter
809 1187 909 1272 iudex
932 1186 997 1252 loci
1014 1186 1178 1260 advolavit
1200 1199 1420 1275 ereptumque
1439 1187 1480 1252 de

362 1315 462 1356 manu
495 1291 565 1356 eius
591 1304 698 1356 terrae
722 1291 868 1356 diffudit.
903 1291 1001 1374 Quod
1027 1288 1123 1354 velox
1149 1288 1210 1353 Dei
1235 1288 1316 1353 ultio
1339 1301 1373 1354 et
1393 1288 1481 1354 beati

362 1395 528 1458 antestitis
547 1394 651 1458 virtus
679 1406 730 1458 est
750 1395 938 1464 subsecuta.
961 1395 1040 1456 Eam
1065 1415 1208 1479 namque
1226 1390 1280 1455 die
1300 1390 1400 1455 iudex
1417 1415 1481 1480 qua

362 1493 424 1560 ista
441 1508 592 1585 gesserat
609 1508 782 1585 correptus
798 1519 815 1558 a
833 1495 1078 1573 lebrae,·nocte
1095 1491 1204 1557 media
1220 1491 1400 1581 expiravit,
1419 1516 1480 1557 nee
1497 1518 1523 1556 ro

363 1599 514 1687 pervenit
541 1597 574 1662 in
603 1600 784 1663 crastinum
811 1597 852 1662 ad
877 1596 966 1660 illam
997 1597 1131 1673 horam,
1156 1619 1221 1682 qua
1245 1593 1278 1659 in
1300 1595 1437 1660 basilica
1453 1591 1465 1684 ΙΙ

364 1700 470 1764 sancti
503 1699 660 1788 poculum
686 1701 728 1764 de
755 1723 854 1762 manu
877 1709 1068 1763 excusserat
1104 1695 1245 1787 fugitivi.
1286 1700 1367 1762 Post
1390 1696 1481 1762 istud

365 1801 558 1866 miraculum
579 1824 694 1866 omnes
718 1800 747 1865 ei
776 1798 1030 1888 opulentissime
1060 1823 1143 1887 quae
1173 1811 1268 1863 erant
1292 1801 1481 1864 neccssaria

363 1903 566 1968 detulerunt.
593 1904 767 1968 Redeunte
791 1915 899 1966 autem
919 1903 952 1966 iu
974 1889 1078 1991 regno
1098 1925 1158 1966 suo
1177 1902 1247 1992 regi
1265 1900 1479 1980 Chlothario,

365 2029 503 2095 magnus
521 2030 595 2072 cum
612 2030 651 2070 eo
670 2018 721 2070 est
740 2003 886 2071 habitus.
909 2007 1074 2093 Tempore
1093 2029 1171 2069 vero
1190 2004 1261 2070 eius
1282 2005 1322 2070 ad
1342 2005 1481 2070 clerica·
1499 2030 1524 2067 rs

364 2119 433 2169 tum
452 2106 630 2188 accedens,
659 2107 746 2194 apud
768 2104 954 2171 Sellensem
979 2117 1141 2184 castrum,
1168 2105 1257 2193 quod
1279 2107 1314 2170 in
1341 2109 1482 2172 Pectava

364 2209 508 2272 habetur
525 2207 687 2286 diocesis,
709 2193 887 2297 episcopus
909 2206 1101 2285 ordinatur3
1128 2207 1289 2286 l'uturunr,
1310 2221 1364 2286 ut,
1385 2209 1481 2274 dece·

364 2309 465 2374 dente
481 2310 611 2375 Picntio
621 2311 791 2389 antestite,
805 2311 861 2399 qui
875 2312 1139 2374 tuncPectavam
1156 2310 1294 2399 regebat
1306 2309 1479 2388 eclesiam,

365 2409 437 2499 ipse
459 2411 666 2478 succederet·
695 2413 762 2478 Sed
787 2435 845 2478 rex
869 2412 1087 2477 Charibertus
1114 2410 1148 2476 in
1171 2410 1260 2474 aliud
1281 2411 1380 2476 vertit
1405 2437 1483 2478 sen-

365 2513 514 2577 tentiam.
554 2513 707 2602 Denique
738 2538 812 2578 cum
845 2512 995 2578 Pientius
1026 2511 1206 2602 episcopus
1242 2513 1283 2576 ab
1312 2514 1374 2578 hac
1408 2513 1483 2580 luce
1498 2541 1528 2579 ao

366 2613 558 2705 migrasset,
589 2616 676 2705 apud
705 2615 851 2681 Parisius
877 2617 1042 2680 civitatem
1070 2615 1283 2694 Pascentius‚
1316 2615 1372 2704 qui
1402 2630 1483 2682 tunc

366 2718 451 2781 abba
472 2731 541 2782 erat
559 2716 716 2782 basilicae
737 2719 842 2782 sancti
866 2717 996 2797 Helari,
1015 2719 1044 2782 ei
1060 2717 1211 2782 succedit
1223 2743 1263 2781 ex
1285 2719 1376 2784 iusso
1394 2717 1483 2810 regis

368 2817 601 2898 Chariberthi,
647 2818 809 2884 clamante
845 2818 1041 2908 Austrapio,
1085 2817 1148 2882 sibi
1192 2821 1280 2885 hunc
1321 2821 1484 2886 redebere

368 2921 488 2986 locum.
510 2922 576 2987 Sed
585 2945 701 3010 parum
721 2921 751 2986 ei
766 2921 877 2986 iactati
896 2923 1051 3011 profuere
1064 2945 1246 2986 sermones.
1259 2925 1333 3012 lpse
1349 2948 1483 3013 quoque

368 3047 539 3112 regressus
569 3023 610 3087 ad
644 3035 787 3087 castrum
816 3047 928 3102 suum,
951 3035 1038 3090 mota
1064 3049 1164 3112 super
1195 3049 1230 3088 se
1256 3023 1529 3090 Theisalorunras

368 3124 552 3206 seditione,
569 3148 653 3214 quos
672 3149 771 3214 saepe
788 3137 997 3216 gravaverat,
1019 3125 1134 3190 lancea
1150 3125 1315 3192 sauciatus
1332 3126 1345 3217 ll
1363 3127 1482 3192 crude-

368 3225 444 3290 liter
458 3225 557 3291 vitam
575 3225 693 3291 finivit.
711 3227 870 3292 Dioceses
881 3251 959 3292 vero
975 3253 1050 3293 suas
1062 3229 1183 3293 eclesia
1194 3233 1334 3295 Pectava
1348 3230 1479 3318 recipit.

397 3419 434 3466 19.
458 3419 584 3482 Tempore
606 3435 708 3492 quoquc
728 3419 872 3468 Chlotharii
890 3422 960 3484 regis
977 3429 1082 3470 sanctus
1100 3423 1145 3470 Dei
1174 3423 1313 3472 Medardns
1332 3425 1419 3488 episco
1441 3442 1481 3484 us,

365 3487 544 3528 consummato
558 3482 619 3529 bom
632 3482 718 3545 operis
729 3499 807 3530 curru
819 3490 843 3530 et
855 3482 948 3546 plenus
958 3483 1072 3540 dierum,
1086 3485 1222 3532 sanctitate
1232 3485 1398 3550 praecipuus,
1431 3489 1483 3536 iem

364 3543 438 3589 obiit.
457 3543 539 3598 Quem
556 3543 724 3592 Chlotharius
743 3560 788 3592 rex
801 3560 861 3592 cum
874 3561 975 3593 summo
989 3546 1087 3594 honoro
1104 3547 1172 3610 apud
1192 3549 1329 3596 Sessionas
1350 3549 1484 3598 civitatem
1498 3561 1531 3602 ³0

364 3606 491 3678 sepelevit
508 3605 680 3653 etbasilicom
695 3623 773 3670 super
789 3623 848 3654 oum
866 3607 993 3655 fabricare
1013 3624 1056 3655 coc
1078 3609 1106 3664 it,
1120 3625 1199 3671 quam
1216 3617 1308 3673 postea
1320 3611 1482 3676 sigibertus,

364 3666 510 3722 filiuseius,
525 3667 638 3730 explevit
650 3675 727 3733 atque
737 3670 893 3732 composuit.
911 3670 948 3718 dd
965 3670 1038 3719 cuius
1056 3626 1161 3718 lentum
1184 3673 1352 3734 sepulchrum
1367 3674 1484 3724 vidimus

364 3728 511 3776 vinctorum
534 3730 672 3792 compedes
698 3737 775 3794 atque
799 3737 904 3779 catenas
927 3732 1000 3780 disru
1021 3740 1060 3781 tas
1080 3735 1277 3798 contractasque
1297 3736 1394 3794 iacere;
1416 3754 1484 3801 quae

363 3806 446 3853 usque
459 3791 536 3839 hodic
550 3791 575 3837 in
590 3793 768 3840 testimonium
781 3794 885 3841 virtutis
902 3793 957 3841 eius
975 3811 989 3841 a
1022 3795 1110 3858 ipsum
1129 3795 1196 3842 beati
1215 3796 1383 3860 sepulchrum
1396 3814 1484 3847 reser-

364 3859 468 3900 vantur.
489 3853 539 3901 Sed
552 3853 585 3900 ad
598 3855 735 3917 superiora
746 3856 893 3904 redeamus.

408 4023 484 4086 Xlll
512 4021 588 4108 (20).
621 4019 858 4086 Childebertus
885 4022 987 4114 igitur
1014 4049 1069 4088 rex
1095 4038 1266 4116 aegrotare
1289 4031 1418 4116 coepit,
1449 4044 1484 4096 et
1498 4061 1528 4102 ss

365 4145 438 4185 cum
459 4119 647 4186 diutissime
668 4123 757 4210 apud
776 4123 922 4190 Parisius
939 4125 1062 4190 lectulo
1075 4125 1293 4206 decubasset,
1316 4128 1417 4208 obiit;
1440 4133 1482 4197 ad

364 4222 535 4289 basilicam
570 4223 658 4288 beati
698 4224 871 4304 Vincenti,
910 4251 1008 4316 quam
1043 4226 1115 4316 ipse
1149 4242 1397 4310 construxerat,
1430 4247 1483 4298 cst

362 4325 525 4413 sepultus.
548 4325 649 4391 Cuius
669 4351 807 4416 reguum
832 4340 865 4393 et
882 4331 1056 4396 thesauros
1077 4329 1291 4397 Chlotharius
1312 4357 1368 4398 rex
1384 4359 1480 4398 acce-
