3256 5144
408 505 574 556 HISTORIAE
592 507 793 557 FRANCORUM
810 507 906 556 LIBER
924 509 965 558 VI.
1201 508 1246 556 218

167 623 259 688 XIIII
279 621 355 710 (21).
380 622 520 688 Haecin
540 626 605 690 hoc
620 648 708 689 anno
727 623 821 713 signa
842 623 970 690 iteratis
988 636 1215 714 apparuerunt
1235 651 1243 690 z

123 721 200 788 luna
220 723 380 814 eclypsim
390 749 495 813 passa
516 739 583 806 est;
602 727 688 792 inira
706 726 908 792 Toronieum
926 727 1132 793 territorium
1147 751 1245 792 verus

124 825 166 891 de
192 826 298 892 fracto
327 851 413 916 pane
441 828 577 918 sanguis
599 827 743 906 ellluxit3
766 828 850 893 muri
880 830 982 894 urbes
1010 828 1246 894 Suessionioae

125 941 347 1006 conruerunt3
382 930 470 1017 apud
499 930 709 996 Andecavam
731 932 846 994 urbem
873 943 963 995 terra
987 930 1140 1009 tremuit;
1161 930 1246 994 inl'ra

94 1053 234 1096 smuros
251 1055 330 1097 vero
344 1031 631 1122 Burdogalenses1
654 1032 770 1123 oppidi
788 1029 931 1121 ingressi
950 1031 1020 1120 lupi
1038 1033 1246 1097 canesdevo·

124 1144 297 1210 inverunt,
320 1156 528 1222 nequaquam
549 1135 702 1198 homines
721 1145 924 1210 metuentes3
943 1157 1003 1220 per
1016 1133 1144 1197 eaelum
1158 1132 1246 1223 ignis

123 1232 311 1299 discurrere
326 1234 416 1298 visus
433 1248 495 1300 est.
513 1235 580 1300 Sed
591 1237 783 1301 Vasatensis
798 1236 914 1301 civitas
930 1236 1089 1300 incendio
1105 1259 1245 1300 conere-

123 1333 300 1425 matallest,
314 1337 358 1400 ita
374 1348 410 1401 ut
426 1335 567 1402 eclesiae
582 1338 634 1403 vel
646 1337 765 1402 domus
781 1338 1007 1402 eclesiasticae
1021 1349 1241 1402 vastarentur.
1255 1351 1310 1401 Col.
1326 1355 1380 1402 296.

122 1435 346 1502 Ministerium
364 1449 473 1503 tamen
494 1462 592 1503 omne
610 1450 762 1527 ereptum
783 1438 886 1504 luisse
904 1439 1134 1528 cognovimus

82 1629 107 1668 ¹⁰
151 1632 190 1678 22.
207 1632 261 1680 Rex
277 1631 442 1696 Chilpericus
455 1632 545 1700 igitur.
579 1632 680 1680 ervasis
696 1632 848 1680 civitatibus
865 1633 954 1680 fratris
969 1631 1023 1686 sui,
1041 1647 1123 1678 novos
1138 1631 1246 1680 comites

120 1693 224 1742 ordinat
234 1700 259 1741 et
271 1701 364 1741 cuncta
376 1693 449 1742 iubet
460 1695 509 1743 sibi
522 1649 628 1742 uallum
641 1695 741 1742 tributa
754 1693 859 1742 deterri.
875 1693 949 1748 Quod
963 1693 1000 1740 ita
1013 1693 1152 1757 impletum
1166 1694 1247 1742 luisse

120 1756 299 1818 cognoviruus.
316 1756 362 1803 His
373 1757 465 1804 diebus
480 1757 638 1820 adprehensi
654 1763 714 1804 sunt
731 1757 782 1804 duo
799 1756 918 1804 homines
933 1772 948 1804 a
963 1756 1109 1802 Nunnichio
1128 1755 1246 1804 Lemovi-

119 1817 192 1864 cinae
204 1819 278 1866 urbis
291 1819 394 1873 comite.
413 1819 559 1866 deserentes
574 1835 605 1866 ex
622 1819 725 1866 nomine
743 1818 879 1866 Charteri0
894 1817 1077 1880 Petregoricae
1096 1817 1170 1865 urbis
1188 1818 1245 1881 epi-

120 1879 191 1942 scopi
205 1879 320 1935 litteras,
336 1897 402 1943 quae
415 1882 497 1928 multa
512 1881 663 1944 inproperia
676 1881 850 1944 loquebantur
863 1881 889 1926 in
902 1895 1004 1943 regem;
1024 1879 1050 1926 in
1069 1879 1164 1943 quibus
1177 1879 1245 1929 inter

78 1943 104 1982 ¹5
118 1941 217 2004 reliqua
230 1949 287 1989 erat
299 1943 440 1998 insertum,
461 1943 536 2005 quasi
554 1948 707 2006 quereretur
726 1941 862 1998 sacerdos,
884 1958 938 1990 sea
957 1941 1083 2005 paradiso
1097 1943 1129 1988 nd
1147 1943 1244 1989 inferos

117 2003 298 2057 descendisse:
313 2004 491 2068 seilicetquod
509 2021 524 2052 a
540 2021 622 2068 regno
639 2005 814 2053 Gunthramni
834 2005 860 2050 in
878 2003 1020 2067 Chilperiei
1037 2004 1115 2051 luerit
1132 2003 1243 2052 dicioni·

117 2064 166 2112 bus
187 2073 372 2114 commutatus
393 2068 445 2114 IIas
467 2067 570 2114 litteras
594 2083 654 2114 eum
675 2067 716 2114 his
734 2067 884 2114 hominibus
904 2065 958 2113 iam
979 2066 1064 2113 dictus
1089 2082 1176 2113 comes
1194 2066 1243 2114 sub

117 2127 198 2175 ardua
215 2128 335 2175 custodia
347 2129 403 2191 regi
416 2129 519 2177 direxit.
528 2130 581 2176 Rex
591 2145 653 2176 vero
665 2129 796 2202 patienter
808 2135 918 2201 propter
928 2128 1083 2192 episcopum
1094 2129 1186 2182 mittit,
1198 2128 1242 2190 qui

118 2204 177 2236 eum
191 2207 238 2237 suo
256 2191 407 2253 conspectui
421 2197 634 2254 praesentarent,
648 2191 817 2238 discussurus
834 2197 937 2253 utrque,
954 2190 975 2236 si
993 2206 1055 2237 vera
1071 2197 1160 2237 essent
1177 2207 1242 2253 quae

76 2254 103 2292 2⁰
117 2251 139 2296 ei
150 2253 361 2323 opponebantur,
375 2269 407 2300 an
421 2269 481 2299 uon.
500 2253 658 2300 Adveniente
670 2269 732 2300 vero
749 2253 885 2316 episeopo,
907 2267 952 2298 rex
971 2252 1090 2300 homines
1107 2253 1168 2299 illos
1183 2269 1241 2299 eum

116 2313 212 2360 litteris
223 2321 413 2378 repraesentat.
425 2316 573 2377 Interrogat
587 2314 725 2370 sacerdoti,
738 2315 801 2362 siah
815 2330 844 2361 eo
854 2314 968 2360 directae
984 2315 1087 2360 tuerint.
1101 2314 1184 2376 Negat
1198 2314 1242 2361 ille

117 2391 132 2422 a
145 2391 172 2421 se
185 2375 307 2423 directas.
321 2377 520 2437 Interrogantuv
532 2392 593 2424 vero
605 2377 732 2432 homines,
747 2393 761 2422 a
772 2392 823 2439 quo
840 2391 884 2422 eas
900 2376 1057 2437 acceperint.
1072 2375 1242 2423 Frontonium

116 2436 256 2485 diaconum
267 2439 412 2502 proterunt.
427 2441 608 2502 interrogatur
621 2439 652 2486 de
663 2439 772 2484 diacono
788 2438 919 2484 sacerdos.
939 2437 1098 2500 Respondit,
1117 2437 1166 2484 sibi
1182 2453 1241 2484 eum

116 2513 173 2546 esse
185 2505 357 2564 praecipuum
370 2501 519 2555 inimicum,
536 2516 582 2547 nec
602 2500 716 2548 dubitari
735 2500 843 2554 debere,
863 2499 948 2562 ipsius
962 2513 1019 2545 esse
1038 2499 1180 2562 nequitias,
1196 2499 1240 2562 qui

74 2555 101 2594 ²⁵
115 2568 278 2609 contraeum
297 2563 402 2626 saepius
420 2579 513 2610 causas
535 2563 720 2609 commovisset
743 2561 853 2624 iniquas.
876 2560 1020 2608 adducitur
1041 2561 1167 2608 dlaconus
1185 2561 1240 2610 sine

116 2638 202 2677 mora:
214 2624 393 2688 interrogatur
405 2642 420 2672 a
432 2641 493 2688 rege
504 2641 510 2679 ;
522 2625 661 2672 confitetur
676 2639 755 2688 super
772 2624 941 2687 episcopum,
959 2623 1048 2670 dicens
1063 2638 1068 2670 :
1080 2641 1091 2668 a
1107 2624 1125 2670 E
1147 2623 1239 2672 ohane

115 2685 255 2748 epistolam
272 2687 396 2758 episeopo
409 2688 513 2734 lubente
525 2685 630 2732 dictavi.
646 2704 657 2732 n
672 2687 853 2733 proclamante
864 2701 926 2732 vero
940 2685 1064 2748 episcopo
1079 2701 1108 2732 ae
1123 2640 1237 2741 dicente,

115 2747 185 2810 quod
196 2747 300 2811 saepius
311 2749 353 2796 hic
366 2749 471 2812 ingenia
483 2754 633 2812 quaereret.
646 2749 759 2811 qualiter
768 2764 828 2796 eum
840 2748 874 2796 ab
887 2747 1041 2811 episcopatu
1055 2747 1181 2802 deiceret,
1194 2763 1240 2796 rex

115 2809 295 2858 misericordIa
312 2817 413 2863 motus.
427 2810 613 2858 commendans
625 2811 676 2858 Deo
689 2826 797 2858 eausam
806 2826 880 2857 suam
890 2847 894 2865 ‚
906 2809 986 2856 cessit
998 2810 1129 2872 utrisque,
1143 2810 1238 2873 depre-

73 2869 100 2909 30
115 2887 177 2918 cans
189 2872 331 2920 clementer
347 2873 502 2936 episcopum
518 2888 567 2936 pro
587 2872 710 2928 diacono,
731 2878 757 2920 et
770 2873 937 2936 supplicans,
953 2877 982 2918 ut
1002 2888 1051 2936 pro
1070 2887 1097 2918 se
1115 2871 1238 2920 sacerdos

115 2941 210 2982 oraret.
224 2935 256 2981 Et
269 2934 305 2982 sle
320 2951 380 2981 eum
394 2935 491 2982 honore
502 2934 561 2982 urbi
578 2935 705 2982 remissus
723 2941 771 2982 est.
790 2935 852 2981 Post
870 2933 935 2980 duos
951 2949 1011 2980 vero
1024 2949 1126 2981 menses
1136 2933 1237 2981 Nunni-

114 2993 189 3043 ehius
210 3012 311 3051 eomes,
330 2997 375 3068 qui
392 2997 440 3044 hoc
458 2997 612 3044 scandalum
631 2997 794 3070 seminavit,
818 2995 945 3060 sanguiue
965 3011 1107 3058 percussus
1128 2995 1236 3052 interiit,
1248 2990 1303 3038 Col.
1315 2992 1370 3039 297.

115 3073 208 3122 resque
220 3058 287 3121 eius,
300 3074 362 3122 quia
372 3059 471 3123 absque
484 3059 575 3106 liberis
589 3065 659 3115 erat,
677 3058 790 3107 drversis
804 3074 819 3106 a
831 3073 893 3122 rege
903 3073 1043 3105 concessae
1053 3065 1122 3106 sunt.

73 3251 100 3289 as
159 3229 240 3309 [XV]
271 3225 348 3313 (23).
378 3228 509 3292 Dehinc
544 3226 737 3314 Chilperieo
774 3227 845 3318 regi
874 3241 951 3316 post
987 3228 1089 3292 multa
1122 3229 1237 3294 lunera

113 3327 258 3393 filiorum
285 3328 374 3392 filius
393 3333 553 3393 nascitur.
575 3331 623 3394 Ex
649 3330 713 3394 hoc
736 3328 829 3394 iubet
849 3355 906 3394 rex
932 3354 1047 3395 ornnes
1067 3330 1237 3395 custodias

113 3429 273 3512 relaxare,
293 3431 423 3496 vinctos
449 3430 576 3496 absolvi
597 3431 915 3522 conpositionesque
943 3433 1135 3524 neglegenti
1156 3433 1237 3498 fisco

113 3533 244 3598 debitas
259 3532 424 3623 praecipit
442 3531 579 3597 omnino
600 3557 667 3598 non
684 3532 790 3623 exegi.
809 3534 875 3600 Sed
901 3558 1055 3624 magnum
1076 3534 1236 3624 deinceps

114 3633 228 3699 dolum
247 3635 302 3699 hie
317 3633 431 3699 intulit
446 3635 565 3699 inians.

72 3840 100 3878 io
160 3813 260 3902 [XVI]
282 3813 359 3901 (24).
389 3817 479 3881 Nova
504 3815 625 3881 iterum
652 3828 767 3882 contra
793 3819 1007 3883 Theodorum
1040 3819 1236 3908 episcopum

114 3916 201 3981 bella
224 3929 441 4007 consurgunt.
454 3920 537 3984 Nam
549 3919 802 3996 Guuclovaldus,
814 3920 871 4008 qui
887 3946 922 3986 se
940 3921 1044 3985 filiam
1061 3921 1235 3986 Chlothari

114 4017 203 4106 regis
232 4041 306 4081 esse
330 4017 483 4097 dicebat,
514 4021 556 4086 de
581 4019 875 4110 Constantinopoli
901 4023 1059 4099 veniens,
1088 4023 1235 4089 Massilia

113 4133 165 4185 est
199 4119 368 4184 advectus.
402 4123 450 4186 De
487 4122 581 4188 cuius
616 4125 747 4214 origine
774 4125 938 4212 quaedam
967 4123 1108 4189 strictim
1137 4125 1235 4190 libuit

113 4243 310 4286 memorare.
333 4222 393 4286 Hic
406 4247 480 4287 cum
502 4239 598 4290 natus
619 4237 709 4290 esset
732 4225 767 4289 in
789 4224 914 4292 Galleis
933 4238 966 4291 et
982 4225 1137 4316 diligenti
1157 4250 1235 4292 cura

144 4399 165 4446 t.
186 4401 256 4446 Corr.
271 4399 482 4463 Burdegaleasis.
