3256 5144
369 446 417 492 roa
657 443 815 492 unueoau
834 441 1043 492 'ruaonnnsts
1061 439 1213 493 aetsuort

367 561 482 624 perstrin
503 577 554 610 arn.
571 559 750 614 Petrocorieae
762 559 835 610 urhis
853 559 938 610 incola
958 559 1021 613 tutu
1041 559 1086 610 sed
1102 566 1163 622 post
1174 559 1372 614 conversionem
1384 560 1496 616 clericus

368 626 461 676 tactus,
497 622 638 670 celerinum
653 621 766 675 veniens,
780 621 903 668 cellulum
915 620 965 668 sibi
981 620 1138 668 aedificavit.
1152 621 1180 668 ln
1200 638 1251 684 quo
1269 620 1386 668 collectis
1403 623 1495 685 paucis

367 685 515 740 monachis,
529 684 556 732 in
576 684 692 732 oratione
714 683 867 734 morabatur
888 683 1008 737 assidue;
1023 689 1049 730 et
1065 684 1087 730 si
1099 683 1122 730 ei
1143 683 1177 730 ali
1199 682 1243 730 uid
1260 682 1317 730 auri
1339 686 1496 748 argentique

367 747 533 803 offerebatur,
549 754 595 798 aut
611 747 637 798 ia
659 745 858 794 necessitanbus
876 761 1022 810 pauperum
1041 752 1086 795 aut
1106 745 1133 793 in
1152 699 1311 795 redemtione
1328 747 1494 812 captivorum

368 808 552 858 distribuebat.
566 809 649 859 Panes
668 807 694 854 in
716 807 810 855 cellula
825 807 884 861 illa,
904 823 934 854 co
947 807 1062 862 vivente,
1080 813 1169 854 coctus
1186 823 1330 870 numquam
1349 807 1404 864 tuit¹
1419 808 1494 858 seda
1512 817 1526 854 5

367 871 549 925 devotinem
559 869 702 920 necessitas
712 869 850 933 exegisset,
864 869 1034 920 inferebatur.
1048 869 1171 930 Magnam
1184 868 1253 918 enim
1265 876 1397 918 catervam
1411 885 1495 934 pepu-

367 932 454 982 lorum
476 931 508 980 de
525 932 703 981 oblationibus
721 932 875 981 devotarum
893 932 1016 987 redemit,
1052 931 1200 979 ustularum
1220 931 1350 980 malarum
1367 948 1496 982 venenum

367 995 452 1042 crucis
465 996 571 1058 signum
586 1010 664 1058 saepe
676 994 844 1056 compressit,
862 993 1003 1044 daemonas
1039 1009 1053 1043 a
1071 994 1188 1041 obsessis
1203 993 1358 1057 corporibus
1377 995 1496 1043 eratione

368 1057 457 1130 abegit
469 1064 495 1106 et
506 1057 637 1107 iudicibus
655 1057 822 1130 piorumque,
841 1061 869 1103 nt
885 1056 1064 1120 culpabilibus
1079 1056 1259 1120 ignoscerent,
1281 1055 1417 1106 dulcedine
1429 1073 1494 1124 pra-

368 1120 427 1166 iusa
442 1120 584 1183 imperavit
607 1125 694 1182 potrus
717 1135 795 1182 quam
810 1115 923 1189 rogavit.
948 1119 1013 1164 Nam
1032 1119 1069 1164 ita
1088 1124 1145 1164 erat
1168 1118 1252 1166 dulcis
1270 1117 1398 1181 alloquio,
1423 1125 1452 1166 ut
1470 1121 1494 1170 ei
1512 1128 1539 1167 ‘ta
1625 1133 1626 1140 ¹

367 1197 463 1244 negare
475 1199 526 1229 non
539 1187 656 1244 possent,
667 1196 727 1228 eum
742 1181 832 1231 luisset
844 1179 1035 1242 indulgentiam
1044 1180 1076 1226 de
1097 1186 1209 1228 recatus.
1223 1179 1343 1235 Quodam
1355 1195 1415 1230 vero
1424 1187 1494 1234 tem-

366 1260 443 1312 pore,
462 1244 525 1296 dum
545 1245 712 1306 pralurtum
730 1241 789 1310 quis
808 1242 841 1289 ad
858 1241 1059 1306 adpendendum
1076 1195 1255 1298 deduceretur,
1279 1242 1322 1308 qui
1345 1248 1370 1292 et
1393 1243 1419 1290 in
1440 1245 1495 1294 alia

368 1307 450 1353 multa
463 1306 570 1358 scelera,
584 1312 638 1352 tam
652 1304 678 1351 in
694 1304 769 1352 furtis
783 1319 861 1367 quam
874 1303 899 1348 in
917 1303 1082 1359 homicidiis,
1102 1303 1276 1351 accusabatur
1287 1305 1321 1352 ab
1332 1304 1425 1352 incolis
1440 1307 1494 1354 cri-

319 1383 322 1390 *
367 1368 504 1424 ruinosius,
518 1368 618 1416 ethnae
636 1367 658 1417 ei
676 1367 795 1416 riuntiatn
811 1366 934 1420 tuissent,
949 1366 1022 1414 misit
1034 1367 1191 1416 monachum
1208 1383 1285 1414 suum
1297 1367 1329 1415 ad
1347 1367 1494 1429 deprecan-

367 1429 429 1479 dum
440 1429 528 1484 iudici,
547 1436 574 1476 ut
585 1429 684 1476 scilicet
695 1427 836 1491 culpabilis
850 1427 894 1474 ille
907 1427 976 1477 vitae
984 1428 1177 1476 concederetur.
1193 1427 1244 1475 Sed
1255 1428 1398 1476 insultante
1412 1431 1494 1492 vulgo
1512 1444 1537 1483 15
1625 1445 1626 1458 ¹

367 1499 444 1556 atque
457 1492 628 1545 vociferante,
642 1491 725 1554 quod,
740 1491 761 1538 si
774 1490 816 1536 hie
828 1489 1011 1543 dimitteretur,
1026 1505 1109 1552 acque
1120 1490 1219 1552 regioni
1238 1505 1321 1553 neque
1334 1490 1413 1538 iudici
1426 1507 1494 1564 pos-

367 1561 406 1605 set
416 1569 473 1604 csse
483 1553 640 1608 consultum,
654 1553 750 1602 dimitti
764 1568 814 1599 non
826 1551 917 1616 potuit.
932 1552 1034 1599 interea
1044 1553 1191 1600 extenditur
1204 1552 1237 1599 ad
1253 1553 1372 1610 trocleas,
1385 1556 1396 1616 ῃ
1407 1554 1492 1618 virgis

366 1633 395 1664 ac
410 1615 523 1664 fustibus
544 1613 663 1662 caeditur
679 1621 704 1662 et
740 1614 840 1662 atibulo
859 1613 1055 1660 condemnatur.
1075 1614 1191 1678 Cumque
1211 1621 1326 1661 maestus
1346 1616 1492 1667 monachus

365 1679 454 1730 abbati
467 1676 644 1730 renuntiasset
658 1689 666 1726 t
681 1694 693 1724 (ι
726 1676 783 1734 ade,
796 1675 889 1739 inquit,
901 1675 1004 1728 attende
1015 1691 1030 1722 a
1042 1676 1129 1738 longe.
1144 1677 1205 1740 quia
1219 1675 1297 1734 scito,
1312 1677 1394 1742 qnod,
1413 1693 1493 1740 quem

364 1741 442 1788 homo
459 1739 567 1787 reddere
586 1738 678 1794 noluit,
693 1737 817 1786 Dominus
836 1754 883 1784 suo
905 1753 1011 1784 munere
1029 1737 1174 1786 redonabit.
1198 1738 1236 1786 'l'u
1254 1753 1329 1794 vero,
1352 1754 1412 1788 rum
1430 1755 1493 1788 eum
1506 1758 1534 1794 aa

364 1803 457 1851 eadere
474 1801 585 1857 videris,
620 1801 722 1848 rotinus
739 1800 932 1862 adprehensum
951 1799 1073 1848 adducito
1085 1800 1112 1846 in
1129 1800 1326 1848 monasterium.
1339 1817 1350 1848 n
1363 1801 1492 1850 Monacho

364 1881 426 1918 raro
439 1864 511 1916 iussa
527 1817 750 1926 complente‚.ille
769 1862 945 1926 prosternitur
957 1862 983 1910 in
996 1862 1112 1910 oratione
1125 1869 1150 1909 et
1161 1862 1262 1910 tamdiu
1279 1863 1306 1912 in
1323 1862 1440 1916 lacrimis
1456 1865 1490 1916 ad

364 1927 446 1976 Deum
460 1925 526 1974 indit
538 1941 644 1989 preces,
675 1924 840 1987 uoadusque,
858 1923 1008 1986 disruptum
1021 1925 1094 1970 obice
1110 1941 1169 1972 cum
1186 1923 1298 1981 eatenis,
1312 1931 1397 1972 terrac
1410 1926 1490 1973 resti-

362 1994 481 2038 tueretur
492 1988 633 2051 adpensus.
671 2003 720 2035 unc
733 1987 874 2037 monachus
887 1985 1079 2050 adprehensum
1102 2002 1162 2036 eum
1182 1987 1286 2036 abbatis
1304 1987 1490 2050 conspectibus

363 2050 521 2115 incolumem
536 2055 724 2113 repraesentat.
742 2052 774 2095 At
789 2048 834 2095 ille
847 2048 946 2120 gratias
963 2049 1013 2096 Deo
1026 2063 1120 2110 agens,
1135 2049 1256 2095 comitem
1269 2049 1391 2096 accersiri
1404 2049 1487 2104 iubet,
1502 2066 1531 2104 25

363 2112 452 2160 dicens
467 2128 472 2159 ι
488 2129 499 2158 a
514 2113 622 2173 Semper
633 2127 672 2158 me
683 2111 796 2172 benigno
810 2125 897 2156 animo
911 2109 1004 2156 solitus
1018 2125 1076 2157 eras
1090 2109 1194 2164 audire,
1209 2110 1246 2158 fili
1260 2109 1449 2166 dilectissime:
1463 2119 1489 2158 et

364 2191 411 2224 cur
421 2173 499 2224 hodie
511 2173 648 2223 induratus
666 2173 811 2224 hominem,
826 2187 873 2236 pro
887 2172 962 2220 cuius
976 2171 1029 2220 vita
1042 2187 1214 2234 rogaveram.
1238 2188 1289 2222 non
1306 2171 1420 2222 laxasti?
1432 2189 1445 2220 n
1457 2175 1490 2222 At

364 2236 425 2284 ille:
441 2253 453 2284 a
467 2235 589 2284 Libenter
600 2241 638 2290 te,
652 2234 752 2298 inquit.
767 2233 856 2290 audio,
879 2241 967 2280 sancte
987 2233 1121 2288 sacerdos:
1143 2234 1201 2287 sed,
1220 2233 1295 2281 insur
1315 2240 1372 2280 ente
1391 2235 1486 2296 vulgo,

365 2298 436 2346 allud
453 2299 537 2346 tacere
551 2313 603 2346 non
618 2297 706 2360 potui,
719 2295 814 2344 timens
829 2311 908 2359 saper
921 2311 961 2344 me
977 2295 1131 2344 seditionem
1145 2295 1250 2346 moveri.
1266 2313 1277 2346 n
1293 2251 1324 2347 dt
1335 2295 1397 2347 ille:
1413 2297 1486 2353 aTu.

364 2360 464 2426 inquid,
477 2363 487 2422 ΙΙ
500 2376 539 2410 me
554 2375 605 2408 noa
622 2359 734 2416 audisti;
753 2359 820 2406 Deus
842 2359 930 2406 autent
948 2357 1038 2405 audire
1060 2373 1100 2406 me
1120 2357 1309 2420 dignatusest,
1329 2364 1354 2404 ct
1370 2374 1449 2454 quem
1460 2365 1488 2406 tu
1502 2375 1530 2414 ³0

364 2422 496 2471 tradidisti
510 2422 596 2475 morti,
607 2421 652 2468 ille
665 2421 733 2468 vitae
743 2419 865 2468 restituit.
880 2421 927 2474 En,
943 2419 1041 2491 inquid,
1053 2435 1141 2466 coram
1153 2427 1178 2466 te
1191 2420 1279 2468 adstat
1291 2435 1384 2467 sanus.
1395 2435 1406 2466 a
1418 2421 1489 2468 llaec

363 2502 393 2540 eo
414 2485 528 2542 dicente,
548 2483 723 2548 prosteruitur
740 2483 773 2532 ad
795 2483 874 2545 pedes
894 2482 997 2532 cernitis
1016 2482 1158 2590 stupentis,
1181 2481 1250 2546 quod
1268 2482 1375 2533 ridebat
1398 2483 1488 2534 rivere

381 2563 440 2594 uem
453 2547 479 2595 in
493 2547 585 2594 mortis
598 2545 705 2594 interitu
721 2543 879 2607 reliquisset.
895 2545 963 2591 llaec
979 2558 1028 2606 ego
1043 2560 1058 2592 a
1089 2543 1173 2606 ipsius
1191 2543 1294 2591 comitis
1308 2561 1352 2591 ore
1365 2547 1485 2608 cognovi.

363 2565 414 2658 ded
427 2615 452 2657 et
465 2609 516 2656 alia
528 2608 611 2656 multa
624 2607 692 2660 lecit,
706 2623 771 2670 quae
783 2606 885 2668 insequi
902 2607 1008 2668 longum
1047 2605 1128 2653 utatis
1144 2605 1207 2654 Post
1223 2605 1399 2669 quadraginta
1408 2613 1487 2669 quat-

362 2677 423 2726 tuor
434 2686 495 2720 vero
507 2686 589 2720 annos
600 2669 754 2720 reclusionis
770 2684 832 2716 suae
844 2683 987 2732 parumper
1002 2621 1072 2716 febre
1090 2667 1211 2734 pulsatus
1228 2667 1336 2716 tradidit
1348 2667 1485 2734 spiritunm
1501 2687 1529 2724 se,

362 2739 563 2796 protractusque
576 2731 708 2786 acellula,
724 2730 874 2804 sepulturae
888 2729 1027 2778 mandatus
1040 2735 1088 2776 est.
1103 2730 1214 2792 Magnus
1228 2736 1315 2776 autem
1331 2737 1484 2788 conventus,

362 2801 392 2843 ut
401 2794 530 2852 diximus,
543 2793 575 2844 de
588 2793 731 2856 redemptis
743 2791 837 2844 ineius
849 2792 980 2856 processit
993 2791 1133 2856 exsequiis.

392 2941 416 2986 9.
437 2936 580 2986 Domnolus
601 2951 663 2984 vero
682 2934 903 2982 Cinomannorum
919 2933 1059 2996 episcopus
1079 2939 1215 2996 aegrotare
1236 2933 1330 2996 coepit.
1357 2933 1485 2998 Tempore

362 3001 432 3050 enim
452 2997 598 3050 Chlotharii
619 2997 689 3061 regis
709 3013 724 3048 a
745 2996 779 3044 ud
795 2995 913 3050 Parisius
937 2995 970 3048 ad
991 2995 1130 3048 basilicam
1151 2995 1234 3046 sancti
1255 2996 1388 3048 Laurentii
1409 2997 1484 3062 gregi

362 3060 541 3112 monasteriali
557 3061 714 3126 praefuerat.
726 3013 778 3108 Sed
791 3057 927 3124 quoniam,
945 3057 1111 3106 Childeberto
1132 3057 1232 3108 seniore
1245 3057 1361 3114 visente,
1380 3073 1485 3122 semper
1499 3079 1527 3122 40

361 3123 514 3172 chlothario
527 3122 582 3186 regi
600 3121 685 3169 fidelis
697 3120 782 3168 extitit
799 3127 824 3168 et
842 3119 949 3168 nuntius
968 3119 1040 3166 illius
1059 3119 1093 3167 ad
1112 3119 1301 3182 speculandam
1316 3120 1413 3168 missus
1425 3136 1484 3172 crs-

227 3184 281 3235 tol.
297 3187 435 3239 anabuns
454 3185 602 3244 occulebat,
620 3183 847 3247 praestotallbatur
863 3197 908 3230 rex
928 3181 1030 3236 locum,
1051 3181 1078 3230 ia
1096 3197 1147 3244 quo
1165 3182 1337 3290 pontificatus
1358 3183 1483 3234 honorem

361 3247 415 3297 acci
437 3254 499 3296 eret.
520 3246 650 3310 lligrante
666 3251 752 3292 antem
769 3243 940 3291 avenniensis
958 3241 1072 3290 civitatis
1087 3243 1162 3316 ponti
1184 3260 1225 3299 ce,
1238 3244 1320 3290 istum
1340 3243 1403 3291 illuc
1420 3244 1484 3292 dure

361 3265 561 3358 deliberaverat.
589 3308 639 3355 Sed
660 3307 753 3354 beatas
778 3306 920 3354 Domnolus
945 3305 1008 3352 haec
1032 3303 1155 3360 audiens,
1176 3305 1209 3354 ad
1233 3305 1372 3355 basilicam
1399 3307 1483 3358 sancti

361 3371 465 3420 Martini
479 3369 614 3424 antistitis,
629 3367 674 3417 ubi
686 3375 747 3416 tunc
767 3367 935 3414 Chlotharius
948 3383 993 3414 rex
1005 3366 1038 3413 ad
1058 3367 1202 3414 orationem
1221 3375 1341 3423 venerut,
1355 3368 1481 3424 accessit,
1498 3396 1525 3434 45

360 3441 386 3482 et
398 3438 535 3482 noctetotu
547 3432 573 3479 in
587 3431 685 3494 vigiliis
698 3430 842 3487 excubans,
859 3445 906 3502 per
917 3428 1018 3492 priores
1031 3430 1074 3491 qui
1089 3429 1197 3476 aderant
1210 3430 1265 3492 regi
1283 3429 1482 3493 suggessionem

360 3495 457 3550 intulit,
471 3500 563 3543 utnon
594 3493 651 3542 uasi
664 3493 784 3556 captivus
801 3493 835 3540 ab
850 3507 905 3540 erus
924 3491 1092 3563 elongaretur
1104 3507 1132 3540 as
1154 3499 1225 3548 ectu;
1245 3508 1291 3539 nec
1303 3492 1482 3556 permitteret,

361 3556 558 3632 simplicitatem
568 3509 640 3604 illius
651 3553 719 3602 inter
732 3561 865 3602 senatores
879 3552 1036 3616 sophisticos
1050 3569 1080 3602 sc
1097 3553 1124 3602 iu
1143 3555 1195 3602 ices
1209 3553 1407 3618 philosophicos
1422 3555 1484 3604 tatt-

379 3635 431 3675 arr,
443 3618 580 3673 adserens,
601 3617 669 3664 hunc
686 3617 773 3665 locum
787 3615 944 3664 humilitatis
963 3614 1013 3662 sibi
1033 3631 1090 3662 esse
1109 3615 1197 3678 potius
1213 3632 1293 3680 quam
1309 3616 1426 3665 honoris.
1444 3617 1482 3664 Ad

359 3635 423 3729 haec
450 3694 495 3729 rex
520 3695 650 3734 annuens,
672 3678 707 3728 mi
729 3685 803 3726 rante
827 3676 977 3725 Innocentio
999 3676 1218 3726 Cinomannorum
1240 3678 1373 3740 episcopo,
1392 3678 1525 3742 ipsum50

359 3743 484 3792 ecclesiae
495 3741 534 3789 illi
548 3741 692 3790 antistitem
706 3695 856 3788 destinavit.
872 3741 928 3787 lam
944 3739 1085 3802 adsumpto
1101 3740 1263 3803 episcopatu.
1277 3740 1357 3788 talem
1376 3755 1403 3788 se
1420 3747 1482 3790 tan·

358 3811 465 3872 tumque
478 3801 609 3868 praebuit,
620 3808 649 3850 nt
658 3801 685 3849 in
698 3817 814 3854 summae
828 3800 974 3849 sanctitatis
986 3801 1090 3848 culinen
1109 3808 1212 3850 erectus
1223 3801 1303 3850 debili
1317 3818 1393 3850 usum
1404 3818 1481 3866 gres-

359 3883 444 3924 suum,
456 3881 532 3914 caeco
542 3863 686 3912 restituerit
698 3863 792 3912 visum.
804 3863 853 3920 Qui
867 3869 928 3926 post
939 3862 1032 3926 viginti
1046 3863 1112 3910 duos
1125 3863 1268 3927 episcopati
1280 3879 1371 3919 annos,
1383 3864 1482 3912 dumsc

357 3935 475 3980 cerneret
485 3926 577 3976 morbo
592 3925 665 3989 regio
677 3925 828 3990 calculoque
845 3925 1002 3989 gravissime
1020 3926 1138 3988 fatigari,
1160 3925 1335 3974 Theodult'um
1354 3926 1480 3976 abbatem

357 3992 384 4040 in
396 3992 454 4040 loca
471 4007 518 4038 suo
535 3988 687 4054 praeelegit.
706 3988 785 4036 Cuius
807 4003 944 4035 assensum
968 4003 1013 4034 rex
1030 3988 1152 4050 praebuit
1170 3988 1343 4044 voluntatem,
1363 3988 1408 4036 sed
1426 4005 1478 4036 non
1492 4013 1523 4050 55,

357 4054 470 4103 multum
482 4057 542 4116 post
553 4058 605 4099 tem
627 4067 666 4105 us,
680 4056 779 4098 mutata
792 4050 929 4103 sententia,
943 4050 968 4096 in
983 4047 1171 4097 Bateehisilum
1186 4049 1279 4098 domus
1292 4051 1379 4113 regiae
1394 4050 1479 4100 maio-

356 4132 412 4165 rem
424 4115 583 4166 transfertur
594 4067 694 4161 electio.
708 4112 757 4169 Qui
767 4117 926 4168 tonsoratus,
938 4111 1036 4176 gradus
1049 4127 1115 4175 quos
1128 4111 1215 4160 clerici
1229 4112 1374 4162 sortiuntur
1387 4127 1482 4162 ascen·

357 4178 429 4238 dens,
443 4184 505 4248 post
516 4175 692 4243 quadraginta
702 4174 807 4232 diebus,
826 4174 956 4238 migrante
968 4174 1114 4231 sacerdote,
1127 4175 1261 4224 successit.

389 4320 424 4367 10.
436 4318 482 4368 at·
495 4317 587 4366 diebus
599 4315 710 4364 basilica
723 4315 804 4362 sancti
816 4313 919 4364 Martini
933 4331 948 4362 a
960 4315 1061 4362 iuribus
1069 4314 1177 4364 effracta
1188 4313 1244 4362 tait.
1255 4313 1303 4370 Qui
1313 4321 1439 4376 pensatas
1447 4312 1480 4362 ad
