3256 5144
376 434 421 479 lto
661 429 818 478 GREGORll
834 425 1042 473 'l'UllONENSlS
1061 424 1211 470 Erlst'orl

376 554 401 614 F
404 546 577 616 actionarii
593 570 726 634 quoque
741 554 955 632 expectantes
967 541 1007 604 ad
1020 539 1157 617 circum,
1174 563 1248 602 eum
1266 537 1504 628 cognovissent

377 676 461 739 (lurae
478 663 550 714 aeta
565 649 706 725 lucrant,
725 645 852 733 pudore
868 642 1009 720 confusi,
1027 643 1101 706 sine
1116 641 1238 705 ellectu
1255 641 1397 731 regressi
1411 652 1501 718 suut,

242 765 296 813 Col.
311 767 364 812 ⁶240.
377 753 641 830 nihilhomenuS,
658 748 715 836 qui
731 748 763 812 in
781 751 887 810 Deum
904 768 996 833 spem
1007 743 1199 834 {lposuerat
1213 742 1419 808 adversarios
1437 767 1502 806 nou

377 853 504 920 metuit.
545 849 736 918 Transactis
759 849 861 937 igitur
885 845 1000 935 paucis
1022 844 1161 924 diebus,
1187 845 1368 910 adveniens
1394 857 1503 909 autem

377 956 599 1034 lastinianus,
624 952 767 1041 pedibus
788 976 822 1014 se
848 947 991 1037 proiecit
1010 949 1239 1034 imperatoris,
1259 949 1317 1014 XV
1339 946 1369 1012 ei
1390 960 1535 1012 cente-5

377 1059 469 1124 naria
487 1059 558 1122 auri
573 1057 727 1120 deferens
745 1055 788 1117 ob
805 1053 959 1116 meritum
973 1049 1110 1138 gratiae.
1128 1053 1233 1132 Quem
1249 1047 1505 1114 ille'secundmn

253 1174 306 1221 1³01.
328 1173 365 1224 73.
377 1159 558 1249 patientiae
573 1182 651 1222 suae
668 1155 821 1220 meritum
832 1153 845 1244 Η
860 1153 1043 1240 collegeris,
1062 1149 1094 1214 in
1111 1150 1270 1238 palatium
1289 1150 1386 1214 iussit
1402 1152 1505 1216 adsis-

377 1275 459 1328 tere.
496 1259 623 1347 Sophia
651 1282 729 1322 vero
764 1265 902 1344 augusta
936 1254 1101 1316 inmemor
1123 1250 1369 1339 promissionis,
1406 1278 1506 1340 quam

378 1362 547 1451 quondam
562 1359 597 1424 in
611 1357 790 1446 Tyberium
810 1357 984 1432 habuerat,
1002 1353 1142 1416 insidias
1159 1352 1188 1418 ei
1206 1353 1380 1442 temptavit
1398 1354 1506 1420 inten·
1612 1443 1613 1450 ἵ

378 1466 468 1529 dere.
498 1461 740 1530 Procedentem
775 1470 884 1522 autem
912 1481 986 1520 eum
1016 1457 1057 1520 ad
1080 1455 1210 1532 villam,
1241 1469 1276 1519 ut
1294 1455 1383 1520 iuxta
1405 1456 1505 1520 ritum
1525 1482 1550 1518 ni

379 1564 585 1653 imperialem
623 1563 759 1650 triginta
793 1558 912 1623 diebus
949 1558 990 1621 ad
1022 1556 1214 1622 vindimiam
1252 1557 1503 1636 iocundaretur,

378 1678 494 1732 vocato
512 1665 595 1729 clam
617 1653 814 1740 Iustiniana,
832 1660 957 1748 Sophia
977 1660 1082 1725 voluit
1098 1684 1172 1724 eum
1191 1684 1327 1749 eregerc
1347 1661 1382 1724 in
1398 1660 1506 1748 impe-

379 1770 440 1832 rio.
462 1766 559 1850 Quod
577 1777 790 1852 conpertum,
814 1761 977 1849 Tyberius
996 1786 1095 1826 cursu
1117 1761 1222 1826 veloci
1244 1762 1284 1825 ad
1311 1763 1505 1826 Constanti-

379 1869 606 1958 nopolitanam
625 1865 791 1930 civitatem
810 1863 1015 1953 regreditur3
1040 1863 1370 1952 adpraehensamque
1386 1889 1507 1954 augus·

379 1983 444 2033 tam
466 1971 506 2032 ab
529 1965 871 2032 omnilms'thesauris
893 1965 1063 2053 spoliavit,
1087 1965 1192 2030 solum
1219 1965 1399 2030 eaevictus
1420 1968 1550 2030 coti-15

378 2071 468 2134 iliani
494 2070 686 2134 alimentum
706 2068 911 2156 relinquens.
934 2072 1136 2157 Segregatos
1153 2091 1276 2154 pueros
1299 2066 1369 2132 eins
1388 2069 1429 2131 ah
1447 2093 1504 2146 ea,

379 2171 460 2236 alios
475 2170 586 2259 posuit
601 2194 676 2234 cnm
696 2169 851 2234 fidelibus
871 2168 955 2248 suiS,
972 2170 1133 2234 mandans
1149 2193 1303 2257 prorsus,
1321 2182 1356 2233 nt
1377 2170 1505 2234 nullum

378 2274 419 2338 de
439 2272 662 2337 anterioribus
679 2272 719 2335 ad
736 2296 807 2335 eam
822 2271 964 2334 haberet
983 2293 1164 2334 aceessum.
1187 2269 1406 2334 lastinianum
1425 2297 1506 2335 vero

379 2374 590 2464 obiurgatum
622 2385 714 2438 tanto
739 2373 774 2436 in
798 2385 970 2460 posterum
994 2394 1105 2436 amore
1125 2371 1260 2450 dilexit,
1290 2385 1326 2436 ut
1344 2373 1412 2436 filio
1432 2375 1506 2438 eius

378 2477 479 2540 liliam
498 2501 589 2540 suam
608 2474 819 2562 promitteret
829 2499 1027 2563 rursumque
1043 2473 1111 2537 lilio
1124 2499 1183 2537 sno
1200 2474 1300 2538 filiam
1317 2474 1387 2539 eius
1404 2499 1506 2564 expe·
1521 2502 1551 2538 20

379 2591 480 2656 teret;
504 2579 562 2642 scd
581 2591 716 2642 nonest
734 2599 785 2641 res
810 2576 925 2640 sortita
950 2577 1116 2641 ellectum.
1142 2577 1315 2642 Exercitus
1335 2578 1406 2643 eius
1424 2582 1506 2643 Pcr-

381 2704 433 2744 sas
453 2677 645 2755 debellavit,
665 2679 838 2765 victorque
855 2701 1041 2768 regressus,
1066 2689 1191 2742 tautam
1212 2679 1333 2742 molem
1360 2680 1506 2766 praedae

380 2780 511 2860 detulit,
535 2793 575 2846 ut
600 2781 794 2844 crederetur
824 2779 1006 2867 cupiditate
1030 2781 1194 2844 humanae
1212 2804 1311 2868 posse
1337 2781 1502 2846 sufficere.

380 2881 507 2971 Viginti
526 2881 660 2946 eleihnti
680 2880 767 2967 capti
790 2881 830 2944 ad
849 2880 1084 2968 imperatorem
1102 2881 1238 2946 deducti
1256 2895 1344 2946 sunt.

424 3065 547 3128 XXllll
569 3062 644 3148 (31).
676 3060 818 3125 Brittani
845 3085 883 3124 eo
909 3084 995 3124 anno
1017 3061 1112 3124 valde
1134 3060 1247 3126 inl'esti
1271 3061 1359 3126 eirca
1386 3065 1503 3127 urbem
1520 3091 1547 3128 is

380 3168 471 3230 fuere
498 3162 726 3230 Namneticam
747 3175 845 3250 atque
869 3163 1092 3228 Redonecam.
1117 3165 1183 3245 Qui
1207 3163 1391 3228 inmensam
1413 3167 1505 3230 aule-

381 3279 494 3330 rentes
510 3265 679 3352 praedam,
694 3289 791 3354 agros
807 3265 1005 3351 pervadunt,
1025 3263 1138 3328 vineas
1151 3289 1167 3327 a
1182 3265 1344 3330 fructibus
1362 3281 1505 3332 vacuant

381 3379 414 3430 et
429 3368 577 3453 captivos
598 3367 778 3430 abducunt.
796 3365 846 3428 hd
863 3389 946 3452 (piros
963 3390 1036 3430 cum
1055 3365 1147 3430 Felix
1163 3366 1341 3455 episeopus
1362 3368 1504 3458 legatio·
1554 3457 1557 3464 ἱ

381 3491 455 3531 nem
482 3466 645 3544 misisset,
672 3467 849 3530 emendare
873 3466 1123 3552 promittenteS,
1153 3467 1238 3531 nihil
1261 3469 1302 3532 de
1327 3470 1504 3556 promissis

380 3567 520 3656 implere
534 3568 722 3632 voluerunt.
1519 3601 1547 3636 se

412 3749 450 3793 32.
464 3746 667 3810 ApudParisius
679 3753 765 3794 autem
783 3747 877 3796 mulier
896 3747 1024 3810 qiiacdam
1043 3749 1095 3796 ruit
1112 3748 1138 3794 in
1156 3747 1273 3803 erimine,
1293 3751 1472 3800 asserentibus
1485 3757 1495 3812 ss

247 3805 302 3855 Col.
315 3806 368 3853 241.
382 3808 480 3864 multis,
496 3808 658 3916 quasipuod
671 3807 762 3856 relicto
777 3809 847 3865 viro,
862 3825 921 3856 enm
940 3809 991 3856 alio
1005 3810 1166 3857 misceretur.
1186 3813 1196 3856 l
1218 3811 1269 3857 itur
1291 3819 1412 3874 parentes
1431 3813 1505 3862 illius

382 3877 576 3918 accesserunta
607 3876 717 3932 patrem,
731 3870 846 3918 dieentes
860 3887 865 3918 :
882 3889 893 3918 u
905 3871 1083 3920 antidonem
1095 3872 1172 3926 redde
1186 3828 1267 3920 filiam
1281 3881 1361 3928 tuum,
1375 3882 1420 3922 unt
1434 3883 1505 3924 cerie

382 3932 519 3990 moriatur,
531 3949 562 3978 ne
573 3939 693 3994 stuprum
705 3933 754 3979 hoe
767 3933 856 3996 generi
869 3940 958 3980 nostro
971 3941 1060 3981 notam
1073 3935 1184 3998 infligat.
1194 3951 1205 3981 a
1217 3953 1228 3981 u
1238 3936 1311 3989 Nori,
1322 3935 1406 3999 inquit
1418 3944 1504 3998 pater.

382 4010 430 4056 ego
443 3994 526 4041 filium
539 4009 623 4041 meam
634 3993 698 4039 hene
710 3993 844 4050 idoneum
859 4011 905 4041 nee
916 4001 955 4042 est
967 4011 1058 4042 verum
1069 3995 1177 4042 verbum
1190 3997 1247 4053 hoe,
1262 3997 1330 4070 (pared
1345 3999 1405 4045 nmli
1417 3999 1505 4048 homi-
1520 4011 1548 4050 35

381 4073 427 4104 nes
446 4057 647 4119 proloquuntur.
669 4056 765 4104 Tamen
787 4073 819 4104 ne
836 4057 934 4106 crimen
956 4065 1098 4120 consurgat
1119 4057 1242 4114 ulterius,
1266 4067 1429 4108 innocentem
1446 4079 1505 4110 eam

382 4118 477 4165 faciam
487 4124 658 4165 sacramento.
673 4117 776 4164 »Erilli
792 4134 797 4165 :
814 4135 825 4164 a
839 4119 874 4174 Si,
889 4119 1019 4182 inquiunt,
1035 4125 1075 4166 est
1087 4119 1200 4176 innoxio,
1221 4138 1300 4184 super
1313 4123 1443 4169 tumulum
1455 4123 1506 4172 hoc

381 4180 452 4228 hecti
465 4180 582 4242 Dionysii
595 4179 719 4240 martyris
731 4181 902 4228 sacramentis
912 4182 1031 4228 adfirmo.
1042 4199 1053 4227 n
1064 4197 1075 4228 u
1088 4182 1200 4236 Faciam,
1215 4183 1299 4245 inquit
1310 4191 1393 4246 pater.
1408 4202 1419 4230 a
1432 4187 1506 4234 'lune

381 4242 446 4290 inito
459 4242 557 4305 placito
566 4243 598 4289 ad
608 4241 743 4289 basilicam
756 4245 879 4304 martyris
894 4243 975 4290 surieti
990 4243 1155 4299 conveniunt,
1171 4245 1329 4308 eleiulisque
1341 4253 1415 4308 paler
1424 4249 1506 4296 mani-

382 4304 430 4350 bus
447 4321 526 4367 snper
538 4303 669 4360 altarium.
682 4303 838 4366 iuravitque,
852 4305 932 4350 lilium
947 4321 996 4350 nou
1011 4321 1067 4350 esse
1081 4305 1248 4366 culpabilem.
1265 4309 1426 4356 econtrario
1443 4327 1506 4358 rere
1524 4321 1549 4356 ‘io
