3256 5144
338 409 382 456 166
627 403 786 454 GREGORll
804 403 1012 452 tunonensis
1032 403 1180 452 crisconi

339 547 420 602 rem,
443 535 476 588 et
492 521 700 612 frequentius
721 519 877 586 advenire
894 543 1016 608 pueros
1034 518 1106 584 eius
1123 519 1164 584 ad
1183 543 1252 601 me,
1277 532 1313 586 ut
1332 543 1370 584 ea
1387 517 1464 584 red-

338 625 464 704 derem,
485 636 518 689 et
537 621 629 688 nolui
651 621 722 686 sine
742 621 884 687 consilio
902 634 1024 686 vestro.
1042 625 1091 686 Tu
1107 617 1217 686 autem
1234 621 1350 688 dixisti
1363 621 1462 699 mihi,

338 750 357 790 o
377 749 435 792 rex
457 751 463 788 z
488 751 504 787 u
528 723 644 789 Eiocre
665 725 748 788 haec
769 747 785 787 a
806 735 856 802 te,
878 735 911 788 et
928 736 1138 788 revertantur
1157 723 1198 787 ad
1221 722 1393 788 mulierem
1411 745 1465 788 res

339 826 426 905 eius,
456 851 499 892 ue
529 823 705 889 inimicitia
730 825 819 890 inter
854 849 906 888 me
936 835 974 888 et'
1002 823 1274 903 Childebertum,
1309 836 1466 912 nepotem

338 953 464 1012 meum,
491 951 552 1016 pro
572 925 625 990 his
651 927 751 990 rebus
770 926 894 991 debeat
913 925 1088 1013 pullulare.
1113 953 1129 988 a
1157 929 1322 991 Reversus
1343 949 1406 1014 ego
1422 924 1494 988 ads

338 1030 472 1108 urbem,
493 1051 596 1094 unam
616 1027 785 1095 voluclum
804 1026 928 1094 tradidi
948 1051 1090 1114 pueros;
1114 1051 1181 1092 non
1204 1026 1293 1092 enim
1310 1025 1467 1090 valebant

338 1129 480 1219 amplius
517 1130 615 1196 serre.
648 1129 785 1196 Reversi
808 1128 930 1193 iterum
962 1128 1180 1216 requirebant
1212 1127 1306 1194 alios.
1342 1131 1466 1214 lterum

339 1231 534 1298 consiliatus
558 1257 630 1297 sum
657 1229 940 1321 magnificentiam
961 1244 1115 1296 vestram.
1142 1235 1190 1296 Tu
1207 1243 1317 1296 autem
1335 1227 1467 1318 praeci·

338 1333 438 1424 pisti,
456 1335 574 1400 dicens
593 1360 599 1398 :
620 1361 636 1396 «
655 1333 734 1400 Eice
751 1335 834 1400 haec
857 1346 941 1412 ate,
969 1358 987 1398 o
1009 1333 1183 1411 sacerdos,
1205 1357 1247 1396 ne
1267 1331 1366 1397 faciat
1382 1332 1467 1396 haec

338 1459 482 1503 causam.
509 1463 525 1499 a
555 1439 678 1502 lterum
698 1435 823 1500 tradidi
845 1433 895 1524 eis
921 1436 987 1500 duo
1012 1460 1052 1500 ex
1077 1434 1150 1513 his;
1180 1435 1246 1499 duo
1277 1445 1386 1498 autem
1409 1430 1467 1495 alii
1485 1456 1513 1494 ra

338 1549 572 1604 remanserunt
587 1561 729 1601 mecam.
744 1540 793 1602 Tu
814 1549 923 1601 autem
935 1536 1016 1626 quid
1034 1561 1124 1604 nunc
1140 1534 1353 1600 calumniaris
1368 1547 1402 1599 et
1413 1559 1468 1598 me

339 1638 423 1704 forte
441 1662 577 1728 argues,
601 1662 675 1704 cnm
695 1640 778 1703 haec
799 1661 898 1704 eausa
917 1662 982 1702 nou
1005 1639 1046 1702 ad
1064 1639 1211 1718 furtum,.
1224 1639 1283 1703 sed
1304 1638 1468 1702 adcusto·

338 1739 426 1806 diam
442 1741 565 1806 debeat
583 1740 767 1828 deputare?
786 1766 802 1802 a
820 1740 872 1804 Ad
887 1742 970 1806 hoec
988 1764 1045 1804 rex
1067 1767 1073 1804 :
1097 1770 1112 1802 u
1132 1741 1167 1806 Si
1187 1742 1251 1804 hoc
1275 1737 1468 1828 depositum

338 1865 462 1929 paones
483 1854 515 1906 te
533 1843 721 1906 habebatur
746 1841 786 1904 ad
806 1841 1083 1921 custodiendum,
1104 1866 1190 1930 quur
1210 1841 1339 1906 solvisti
1363 1865 1468 1904 unum

338 1943 441 2006 exhis
459 1957 493 2008 et
512 1944 660 2030 lymbum
676 1941 786 2008 aureis
798 1956 991 2008 contextum
1004 1943 1067 2008 filis
1082 1944 1118 2007 in
1133 1945 1285 2031 partibus
1300 1943 1468 2008 desecasti
1486 1967 1513 2006 15
1602 1985 1603 2038 ἑ

338 2056 372 2108 et
399 2044 523 2110 dedisti
544 2069 560 2108 a
581 2044 684 2123 viros,
702 2043 759 2134 qui
778 2070 830 2109 me
847 2069 864 2109 a
880 2069 984 2136 regno
1005 2046 1176 2112 eicerent?
1194 2074 1210 2108 a
1235 2049 1469 2111 Praetextatus

339 2145 518 2236 episcopus
537 2145 736 2236 respondit:
761 2173 777 2208 a
797 2149 865 2212 lam
883 2147 951 2212 dixi
968 2147 1027 2210 tibi
1045 2147 1211 2234 superius,
1230 2148 1309 2236 quia
1328 2171 1469 2212 munera

204 2261 454 2312 cotoneorum
471 2246 487 2340 ll
507 2270 722 2336 acceperam,
744 2247 890 2337 ideoque
915 2250 1019 2328 haec,
1047 2273 1121 2313 eam
1144 2273 1212 2312 non
1236 2250 1394 2313 haberem
1425 2248 1469 2312 de

339 2362 516 2440 praesente
546 2349 636 2438 quod
660 2350 791 2429 darem,
819 2351 899 2415 hine
930 2351 1138 2438 praesumpsi
1166 2363 1200 2415 et
1225 2351 1273 2414 eis
1297 2349 1467 2416 vicissitu-

339 2451 453 2516 dinem
466 2475 639 2517 muuerum
659 2451 774 2516 tribui.
792 2449 969 2541 Proprium
986 2451 1067 2516 mihi
1083 2477 1156 2516 esse
1167 2452 1355 2530 videbatur,
1376 2451 1469 2539 quod
1483 2478 1514 2518 aa
1602 2529 1603 2544 χ

340 2552 409 2618 filio
439 2555 641 2619 Merovecho
672 2567 760 2633 erat,
808 2578 907 2642 quem
941 2554 984 2619 dc
1028 2555 1160 2620 lavacro
1201 2553 1469 2643 regenerationis

340 2654 460 2746 excipi.
495 2681 511 2716 n
545 2656 672 2722 Videas
709 2668 817 2720 autem
843 2680 901 2720 rex
928 2655 1160 2744 Chilpericus,
1182 2656 1274 2745 quod
1306 2679 1382 2722 eum
1414 2655 1468 2719 his

341 2757 515 2822 calumniis
532 2757 681 2845 superari
704 2757 877 2847 nequiret,
897 2757 1068 2822 adtonitus
1086 2758 1201 2837 valde,
1222 2782 1239 2822 a
1260 2756 1468 2823 conscientia

341 2859 518 2938 contusus,
538 2858 695 2924 discessit
715 2884 732 2924 a
752 2860 869 2938 nobis;
891 2859 1088 2948 vocavitque
1108 2860 1270 2948 quosdam
1290 2859 1333 2924 de
1353 2859 1467 2926 odola·
1602 2933 1603 2938 γ

339 2959 469 3025 toribus
494 2960 561 3024 suis
586 2960 683 3024 etait
703 2987 710 3024 :
731 2959 900 3028 «Victum
924 2987 974 3026 me
996 2960 1105 3027 verbis
1132 2960 1283 3048 episcopi
1312 2961 1416 3024 lateor
1435 2974 1514 3026 etas
1602 3005 1603 3046 2

340 3086 416 3127 vera
437 3086 510 3128 esse
534 3063 625 3151 quod
652 3060 735 3128 dicit
755 3062 842 3140 seio;
876 3062 955 3152 quid
988 3089 1077 3128 nune
1112 3062 1247 3143 faciam,
1270 3076 1307 3132 ut
1332 3062 1469 3152 reginae

339 3163 493 3229 voluntas
509 3163 551 3228 de
569 3187 608 3227 eo
629 3163 829 3251 impleatur?
850 3191 867 3228 »
889 3167 931 3230 Et
948 3163 1016 3230 ait:
1043 3193 1059 3228 r
1077 3167 1145 3244 lte,
1165 3178 1199 3230 et
1217 3165 1409 3230 accidentes
1428 3165 1469 3231 ad

341 3288 429 3342 eum,
463 3263 579 3342 dicite,
617 3264 712 3352 quasi
744 3263 922 3330 consilium
955 3290 995 3330 ex
1024 3265 1275 3356 vobismetipsis
1310 3265 1429 3332 dautes
1460 3291 1466 3328 :

227 3383 280 3430 Fol.
291 3384 329 3430 on.
344 3391 359 3424 «
376 3364 485 3443 Nosti,
504 3366 594 3453 quod
609 3367 651 3430 sit
663 3390 720 3430 rex
738 3367 950 3455 Chilperious
968 3368 1042 3456 pius
1057 3380 1155 3457 atque
1176 3381 1386 3455 conpunctus
1401 3365 1415 3457 ll
1436 3379 1470 3434 et

342 3465 408 3528 cito
426 3463 580 3530 flectatur
598 3466 639 3532 ad
660 3466 940 3547 misericordiam;
959 3469 1135 3534 humiliare
1154 3471 1215 3538 sub
1229 3493 1268 3534 eo
1292 3481 1325 3534 et
1344 3467 1466 3548 dicito,
1482 3496 1512 3533 ao
1602 3485 1603 3556 p

342 3566 384 3629 ab
407 3591 446 3630 eo
472 3567 601 3632 abiecta
629 3591 646 3630 a
668 3581 700 3632 tc
730 3581 922 3657 perpetrata
949 3570 1063 3636 fuisse.
1097 3575 1191 3636 Tune
1220 3594 1282 3638 nos
1308 3571 1468 3658 prostrati

310 3692 315 3698 ’
341 3690 458 3732 omues
476 3691 585 3732 eoram
607 3667 751 3756 pedibus
772 3672 863 3750 eius,
884 3672 963 3738 darc
979 3672 1040 3738 tibi
1061 3673 1191 3740 veniam
1211 3673 1428 3760 inpetramus.
1450 3701 1467 3734 »

342 3767 401 3832 His
429 3769 586 3834 seductus
611 3772 842 3836 Praetextatus
873 3773 1068 3862 episcopus,
1094 3774 1265 3862 pol-licitus
1293 3786 1344 3839 est
1366 3798 1401 3838 se
1422 3775 1467 3840 ita

341 3870 518 3936 facturum.
557 3873 654 3936 Mane
693 3883 802 3938 autem
827 3873 928 3954 sacto,
953 3875 1169 3942 convenimus
1201 3876 1242 3943 ad
1271 3878 1468 3944 cousuetam

341 3973 469 4052 locum;
505 3970 753 4060 adveniensque
791 3987 825 4039 et
854 3999 927 4054 rex,
966 3975 1011 4042 ait
1042 3976 1083 4043 ad
1119 3977 1315 4066 episcopum
1342 4003 1347 4040 :
1381 4003 1398 4038 u
1432 3977 1467 4046 Si
1482 4005 1510 4042 as

342 4097 479 4140 munera
510 4098 572 4162 pro
603 4072 798 4140 muneribus
831 4076 884 4142 his
918 4077 1112 4144 hominibus
1133 4103 1168 4144 cs
1191 4079 1349 4169 largitus,
1382 4103 1469 4168 quur

343 4188 548 4242 sacramenta
584 4175 777 4265 postulasti,
815 4189 852 4244 ut
886 4179 984 4246 fidem
1015 4183 1216 4246 Merovecho
1246 4182 1466 4248 servarent?a
