3244 5154
372 433 417 479 228
654 431 812 482 GREGORH
829 429 1036 480 TURONENSIS
1053 429 1203 478 nrlscorr

372 547 500 627 credis,
520 571 605 636 quae
620 546 751 612 obstitit
768 572 883 628 causa,
901 561 938 612 ut
956 547 998 612 de
1013 545 1204 626 sacrificiis,
1218 570 1302 636 quae
1319 548 1391 612 Deo
1407 547 1491 614 offe·

372 650 491 728 rimus,
514 649 759 714 communicare
774 650 943 714 deferres?
964 677 981 710 »
1005 651 1048 714 Et
1066 648 1123 714 ille
1154 676 1161 713 ε
1190 674 1206 712 a
1228 648 1330 734 Quia,
1352 649 1487 738 inquid,

368 751 509 840 gloriam
526 747 697 817 non'recte
713 751 941 840 respondetis;
957 777 1032 818 nam
1046 752 1136 818 iuxta
1148 752 1286 818 Paulum
1301 752 1490 840 apostolum

370 878 432 918 nos
445 853 587 919 dicimus
605 881 612 917 :
628 854 772 920 «Gloria
786 858 857 920 Deo
870 856 962 920 Patri
977 869 1010 919 et
1024 855 1164 935 Filium3
1179 881 1196 918 »
1208 879 1266 919 vos
1280 866 1388 920 autem
1402 854 1488 920 dici-

368 955 437 1020 tis:
461 982 479 1017 a
500 955 614 1022 Gloria
630 955 721 1021 Patri
746 969 778 1020 et
797 956 882 1022 Filio
902 969 936 1021 et
959 956 1099 1046 Spiritui
1120 968 1252 1036 sancto,
1277 981 1294 1018 a
1314 981 1388 1021 cum
1405 957 1487 1022 doc·
1518 985 1531 1023 5

367 1070 457 1123 tores
491 1057 687 1123 eclesiarum
716 1058 860 1123 doceant
891 1062 1023 1124 Patrem
1055 1084 1116 1148 per
1146 1059 1268 1126 Filium
1296 1061 1485 1125 nuntiatum

365 1161 467 1226 luisse
486 1160 521 1226 in
543 1161 714 1243 mundum,
735 1163 909 1252 sicutipse
925 1162 1047 1228 Paulus
1065 1163 1110 1228 ait
1128 1188 1134 1226 :
1153 1165 1234 1252 Regi
1244 1177 1353 1226 autem
1369 1187 1485 1226 saecu-

364 1263 470 1327 loram
498 1265 687 1328 ἰιιηιονίαῐὶ1
715 1279 745 1328 et
765 1266 942 1344 invisibile,
965 1265 1029 1329 soli
1050 1267 1119 1330 Deo
1144 1266 1249 1330 honor
1267 1280 1297 1329 et
1315 1265 1427 1354 glamio
1452 1269 1485 1328 in

361 1367 497 1430 saecula
530 1367 756 1446 soeculorum,
787 1393 849 1456 per
882 1369 990 1432 Iesum
1026 1368 1191 1432 Christum
1221 1371 1387 1432 dominam
1412 1393 1484 1432 nos-

360 1483 448 1533 tram
461 1469 485 1532 2.
510 1495 527 1531 a
549 1472 591 1534 Et
606 1494 669 1559 ego
690 1470 851 1558 respondi
874 1495 881 1533 :
905 1497 922 1531 «
944 1473 1076 1535 Patrem
1094 1495 1155 1559 per
1173 1469 1294 1536 Filium
1310 1470 1484 1534 adnuntia·
1501 1497 1526 1536 ro

359 1583 428 1635 tum
444 1571 526 1636 nulli
545 1571 785 1636 catholicorum
803 1597 876 1638 esse
892 1574 1119 1662 incognitum,
1142 1597 1233 1652 reor;
1255 1573 1314 1638 sed
1330 1573 1378 1638 sic
1390 1597 1483 1662 prae-

357 1673 480 1738 dicavit
505 1678 637 1740 Patrem
662 1674 697 1738 in
727 1675 876 1755 saeculo,
905 1689 942 1739 ut
971 1689 1061 1741 etse
1087 1675 1265 1740 virtutibus
1288 1676 1483 1741 ostenderet

357 1779 475 1841 Deum.
505 1781 576 1842 Deo
599 1789 708 1842 autem
731 1777 820 1844 Patri
841 1780 1023 1843 necessitas
1042 1778 1103 1843 luit
1120 1779 1240 1843 Filium
1266 1777 1420 1842 mittendi
1442 1779 1482 1842 ad

356 1891 479 1958 terras,
497 1893 533 1945 ut
549 1881 744 1944 ostenderet
760 1883 884 1959 Deum;
907 1894 959 1960 ut,
984 1883 1062 1970 quia
1082 1882 1225 1946 mundus
1254 1882 1430 1971 prophetis
1452 1895 1484 1946 et

355 1981 554 2070 patriarchis
574 1995 673 2070 atque
701 1982 765 2070 ipsi
790 1985 900 2048 Latori
924 1983 1008 2074 legis
1040 2009 1106 2048 non
1135 1983 1342 2063 crediderat,
1373 1983 1482 2048 saltim
1499 2011 1523 2050 15

354 2082 405 2147 vel
424 2083 509 2148 Filio
529 2084 691 2149 erederet.
721 2086 867 2174 ldcoque
888 2111 1025 2151 neeesse
1047 2101 1116 2166 cst,
1149 2102 1185 2154 ut
1208 2089 1270 2152 sub
1292 2085 1481 2176 signatione

221 2183 584 2274 c01.317‚per⁵011³llrum
602 2186 710 2277 gloria
723 2188 822 2252 detur
842 2192 925 2254 Deo.
944 2189 1095 2254 Dicimus
1114 2216 1194 2282 ergo
1213 2218 1219 2254 :
1240 2218 1256 2252 a
1277 2189 1391 2256 Gloria
1407 2192 1479 2255 Deo

354 2290 461 2370 Patri,
508 2289 564 2377 qui
606 2289 696 2353 misit
734 2290 871 2371 Filium3
910 2292 1017 2381 gloria
1053 2296 1124 2358 Deo
1158 2294 1262 2374 Filio,
1301 2294 1357 2382 qui
1401 2315 1479 2357 san-

352 2390 454 2482 guine
468 2416 528 2456 suo
548 2392 691 2457 redemit
707 2392 883 2482 mundumf3
903 2395 1010 2486 gloria
1025 2400 1096 2461 Deo
1119 2397 1260 2486 Spiritui
1277 2409 1402 2475 sancto,
1423 2395 1482 2484 qui

354 2494 540 2560 sanctificat
562 2495 731 2561 hominem
749 2496 814 2561 iam
832 2497 1052 2588 redemptum.
1075 2527 1091 2562 a
1114 2503 1196 2566 Nam
1212 2513 1266 2579 tu,
1289 2498 1344 2588 qui
1364 2497 1452 2564 dicis
1467 2525 1473 2562 :
1490 2525 1517 2563 ao
1611 2543 1612 2557 η

354 2626 371 2661 a
393 2597 507 2664 Gloria
526 2598 616 2663 Patri
631 2624 692 2688 per
709 2599 843 2679 Filium,
856 2628 872 2661 a
895 2601 1013 2666 adimis
1028 2603 1169 2692 gloriam
1186 2603 1285 2682 Filio,
1296 2603 1391 2691 quasi
1407 2600 1481 2690 ipse

354 2725 420 2765 non
442 2699 486 2764 sit
499 2700 666 2792 gloriosus
682 2726 758 2766 cum
777 2715 890 2790 patre,
914 2707 1157 2794 propterquod
1176 2730 1250 2772 eum
1272 2702 1482 2769 adnuntiavit

353 2802 389 2867 in
404 2803 574 2867 mundum.
596 2806 625 2871 N
629 2804 780 2884 untiavit,
794 2817 831 2868 ut
841 2804 998 2885 diximus,
1012 2806 1117 2872 Filius
1135 2811 1267 2874 Patrem
1282 2806 1317 2870 in
1333 2805 1478 2885 mundo;

354 2905 413 2970 sed
432 2905 526 2970 multi
545 2930 613 2971 non
634 2907 869 2986 crediderunt,
890 2907 1024 2974 dicente
1045 2912 1194 2976 Iohanne
1210 2909 1223 3001 l}
1241 2907 1448 2999 euangelista
1471 2935 1477 2971 :

352 3011 392 3074 In
408 3032 471 3072 sua
479 3015 622 3098 propria
639 3015 739 3088 venit,
763 3025 793 3073 et
819 3017 873 3075 sui
891 3037 963 3076 eum
983 3038 1048 3078 noa
1069 3019 1265 3101 reciperunt.
1294 3013 1520 3102 Quodquodas
1609 3001 1610 3017 Χ

355 3135 427 3174 eum
445 3116 648 3198 reciperunt,
674 3112 761 3176 dedit
781 3119 827 3176 eis
841 3129 1041 3202 potestatem
1060 3117 1149 3202 filios
1167 3118 1229 3180 Dei
1245 3115 1339 3202 fieri,
1358 3113 1408 3178 tis
1424 3120 1483 3204 qni
1556 3195 1558 3200 Ι

355 3213 491 3277 credunt
509 3218 541 3275 in
556 3219 685 3277 nomine
698 3219 767 3279 eius
781 3216 804 3278 3.
825 3219 907 3283 Nam
927 3230 983 3297 tu,
1008 3217 1065 3308 qui
1083 3219 1186 3284 Paulo
1209 3199 1362 3308 apostolo
1380 3217 1480 3282 dero-

354 3340 433 3405 gas,
462 3328 495 3380 et
520 3340 653 3381 sensum
676 3316 747 3381 eius
774 3343 842 3383 non
864 3321 1051 3411 intellegis,
1075 3322 1232 3412 percipe,
1257 3345 1356 3412 quam
1384 3333 1481 3385 caute

354 3416 515 3506 loquitur,
538 3431 570 3482 et
589 3418 679 3484 iuxta
703 3433 738 3484 ut
759 3423 909 3512 recipere
931 3423 1005 3513 quis
1025 3438 1153 3515 potest,
1177 3439 1286 3492 averte
1298 3477 1306 3506 ,
1335 3423 1481 3514 qualiter

355 3520 526 3608 praedicat
542 3521 630 3585 inter
643 3535 762 3612 gentes
778 3523 981 3606 incredulas,
994 3541 1032 3594 ut
1047 3528 1139 3594 nullo
1153 3553 1236 3594 onus
1255 3554 1355 3622 grave
1368 3527 1479 3593 videa·
1492 3551 1518 3588 ao
1606 3549 1607 3554 ¹

355 3640 409 3690 tur
441 3623 622 3710 inponere,
660 3624 746 3690 siout
771 3629 971 3716 quibusdam
1005 3630 1088 3696 dicit
1117 3659 1124 3696 z
1151 3649 1390 3714 Laevobicpoaum
1409 3650 1479 3709 dedi,

355 3741 404 3773 aon
421 3738 521 3787 eccam,
549 3727 660 3774 nondum
681 3727 748 3774 enim
764 3730 898 3792 poteratis,
919 3731 965 3779 ced
982 3749 1013 3780 ne
1032 3733 1118 3782 adhuc
1133 3735 1235 3798 quidem
1252 3736 1360 3799 potestis
1374 3736 1393 3784 l.
1417 3739 1480 3784 Per-

354 3819 526 3884 fectorumffest
538 3819 604 3866 enim
614 3820 711 3868 solidus
725 3822 796 3870 cibus
809 3825 830 3876 ⁵.
850 3826 900 3873 Sed
918 3833 943 3874 et
959 3827 1018 3874 aliis
1038 3828 1121 3876 dicit:
1154 3814 1248 3879 Nihil
1267 3817 1354 3881 vobis
1375 3838 1478 3908 prae·

355 3906 463 3969 dicavi
516 3911 581 3969 nisi
640 3908 826 3989 Christum,
877 3926 908 3975 et
957 3914 1043 3977 lianc
1097 3918 1332 4003 crucifixerat.
1381 3924 1479 3989 Nunc

355 4020 464 4072 autem
500 4007 581 4098 quid
625 4011 690 4089 vis,
727 4036 746 4075 o
779 4025 815 4076 tu
853 4014 1017 4094 heretice,
1055 4020 1111 4107 qui
1148 4021 1270 4087 Paulus
1306 4023 1478 4092 Christum
1492 4064 1516 4103 35
1588 4092 1594 4113 ,

355 4122 481 4175 tautum
519 4112 711 4178 crucifixum
745 4117 965 4206 praedicavit,
1004 4123 1226 4188 resurrexisse
1253 4138 1290 4190 tu
1324 4128 1479 4200 debitas?

1260 4252 1476 4271 —Q

385 4293 407 4342 l.
431 4297 500 4342 Corr.
515 4293 662 4345 inmortale.
673 4325 705 4334 —
721 4300 742 4346 2.
760 4300 780 4348 1.
795 4299 861 4348 Tim.
872 4302 898 4357 1,
917 4303 955 4350 17.
971 4331 1001 4340 -
1018 4306 1040 4351 3.
1060 4306 1131 4354 loan.
1146 4307 1172 4364 1,
1194 4308 1230 4355 12.
1247 4338 1278 4346 -
1295 4313 1318 4357 4.
1336 4312 1357 4360 l.
1372 4314 1432 4364 Cor.
1446 4319 1461 4365 3

353 4356 374 4402 2.
389 4383 420 4393 -
437 4361 459 4404 5.
477 4357 556 4405 near.
570 4359 644 4414 5,14.
659 4387 689 4397 -
707 4363 729 4409 a.
749 4363 768 4410 1.
783 4361 841 4412 eor.
856 4365 883 4421 a,
894 4366 916 4410 a.
1470 4355 1476 4376 '
