3256 5144
389 443 555 492 HISTORIAE
571 444 772 494 Francorum
789 445 886 494 LIBER
901 446 942 492 Vl.
1186 446 1232 490 233

112 563 241 624 Interea
261 558 364 649 legati
390 560 481 650 regis
500 561 709 626 Childeberti
730 562 877 627 Parisios
902 576 1081 641 venerunt,
1101 573 1231 626 costes-

1 677 2 682 ’
111 675 221 727 tontes
250 662 443 750 Chilperico
476 663 565 752 regi,
595 677 631 727 ut
656 664 740 728 nihil
769 665 811 728 de
840 664 1040 744 civitatibus,
1074 689 1157 754 quas
1187 665 1229 728 de

113 790 217 856 regno
240 765 352 828 fratris
369 765 420 828 sui
445 768 597 844 tenebat,
626 768 787 846 auferret,
812 792 850 832 ac
870 793 938 832 non
958 767 1141 855 mancipia,
1162 791 1229 830 non

111 867 259 958 equites,
274 892 344 931 non
363 869 440 957 iuga
457 868 577 932 hovum
594 894 704 958 neque
724 870 850 958 aliquid
868 870 1100 934 huiuscemodi
1116 870 1157 933 de
1177 869 1232 934 his

1 983 2 994 ¹
69 1001 82 1037 5
111 973 249 1038 auderet
274 969 461 1059 adtingere.
495 973 546 1034 De
576 971 698 1059 quibus
720 972 839 1062 legatis
875 996 976 1036 unum
1010 973 1120 1036 lerunt
1145 973 1229 1036 clam

112 1078 361 1162 interemptum,
383 1072 443 1136 sed
459 1073 609 1137 nescitur
623 1099 737 1162 aquo;
755 1075 903 1163 suspicio
917 1088 1028 1139 tamen
1039 1076 1230 1139 vertebatur

111 1180 152 1244 ad
182 1201 308 1268 regem.
339 1175 544 1240 Promittens
565 1201 645 1240 vero
671 1176 883 1265 Chilpericus
908 1202 966 1241 rex
992 1176 1076 1240 nihil
1106 1177 1147 1240 de
1176 1176 1231 1240 his

111 1281 324 1370 contingere,
343 1277 534 1342 convocatis
556 1279 750 1343 melioribus
767 1282 905 1344 Francis
925 1279 1129 1368 reliquisque
1151 1279 1232 1343 lide-

110 1385 217 1466 lihus,
245 1381 380 1471 nuptias
404 1381 584 1445 celebravit
604 1381 692 1446 filiae
720 1407 810 1447 suae.
844 1384 1080 1472 Traditamque
1111 1382 1231 1472 legatis

73 1515 96 1552 ιο
112 1489 317 1564 Gothorum,
337 1508 476 1574 magnos
503 1483 533 1548 ei
559 1485 734 1549 thesauros
757 1486 862 1550 dedit.
888 1487 955 1551 Sed
980 1499 1014 1548 et
1033 1498 1138 1549 mater
1158 1487 1230 1548 eius

110 1591 299 1655 inmensum
313 1587 447 1676 pondus
467 1586 538 1651 auri
555 1590 753 1677 argentique
775 1588 843 1653 sive
864 1588 1139 1652 vestimentorum
1155 1611 1230 1674 pro-

109 1693 202 1772 tulit,
224 1693 272 1756 ita
292 1702 329 1753 ut
344 1689 461 1753 videns
486 1691 568 1753 haec
589 1714 647 1753 rex
666 1688 751 1754 nihil
774 1691 838 1755 sibi
861 1691 1060 1755 remansisse
1084 1703 1226 1776 putaret.

109 1800 218 1880 Quem
235 1816 378 1857 cernens
392 1791 508 1882 regina
523 1805 742 1871 commotum,
760 1817 919 1858 conversa
939 1793 981 1856 ad
1000 1795 1165 1870 Francos,
1184 1791 1228 1854 ita

109 1899 175 1963 ait:
195 1923 213 1959 «
234 1898 283 1961 Ne
302 1895 446 1985 putetis,
461 1894 542 1973 viri,
564 1895 743 1984 quiequam
760 1896 816 1961 hic
836 1898 878 1961 de
900 1895 1066 1961 thesauris
1083 1895 1231 1960 anterio-

70 2030 94 2066 ra
110 2027 181 2066 rum
197 2023 314 2090 regum
331 1999 471 2076 habere,
491 1997 602 2061 omnia
622 1998 710 2062 enim
728 2024 814 2087 quae
832 1999 977 2064 cernetis
1001 1999 1043 2063 de
1062 2024 1135 2063 mea
1154 2024 1230 2087 pro-

109 2106 250 2194 prietate
261 2101 371 2167 oblata
386 2113 476 2179 sunt,
490 2100 567 2188 quia
581 2100 662 2165 mihi
674 2101 937 2190 gloriosissimus
950 2127 1009 2167 rex
1020 2101 1122 2165 multa
1133 2101 1230 2191 largi-

109 2221 162 2272 tus
173 2219 236 2285 est,
247 2218 282 2270 et
292 2229 354 2295 ego
369 2203 531 2268 nonnulla
547 2204 591 2268 de
604 2204 741 2292 proprio
757 2205 957 2295 congregavi
973 2205 1060 2269 etde
1074 2204 1231 2268 domibus

109 2309 192 2374 mihi
208 2309 376 2372 concessis
394 2319 461 2370 tam
479 2307 522 2370 de
539 2306 702 2371 fructibus
716 2332 816 2395 quam
827 2307 964 2372 tributis
978 2308 1121 2396 plurima
1133 2332 1230 2396 repa-

110 2412 188 2477 ravi.
209 2412 277 2478 Sed
295 2423 328 2474 et
342 2434 401 2473 vos
424 2410 621 2498 plerumque
641 2436 693 2475 me
725 2411 919 2476 muneribus
938 2410 1058 2475 vestris
1078 2409 1228 2489 ditastis,

71 2545 100 2581 ao
114 2518 156 2581 dc
170 2517 292 2618 quihus
313 2526 391 2577 sunt
414 2512 478 2576 ista
500 2538 585 2601 quae
612 2538 701 2578 nunc
725 2538 837 2578 coram
860 2513 997 2594 videtis,
1017 2537 1093 2578 nam
1114 2513 1170 2578 hic
1186 2514 1229 2577 de

110 2618 274 2684 thesauris
289 2615 434 2706 puhlicis
453 2615 538 2679 nihil
553 2617 706 2681 habetur.
729 2644 745 2676 n
765 2619 806 2682 Et
824 2617 871 2682 sic
891 2615 1019 2682 animus
1035 2619 1124 2706 regis
1137 2616 1229 2681 delu-

110 2749 165 2788 sus
182 2734 244 2786 cst.
272 2723 356 2786 Nam
377 2732 469 2783 tanta
489 2719 549 2782 luit
568 2719 748 2783 multitudo
768 2744 894 2798 rerum,
914 2731 950 2783 ut
971 2743 1086 2784 aurum
1108 2742 1229 2807 argen-

110 2839 246 2914 tumque
268 2822 321 2886 vel
346 2820 473 2910 reliqua
495 2835 689 2886 ornamenta
712 2821 963 2912 quinquagenta
978 2821 1127 2910 plaustra
1144 2821 1229 2884 leva·

113 2942 195 2992 rent.
218 2926 339 2992 Franci
360 2948 438 2988 vero
462 2924 563 2989 multa
581 2923 593 3012 l}
610 2949 746 2989 munera
772 2926 983 3004 obtulerunt,
1007 2925 1064 2989 alii
1094 2948 1225 3003 aurum,
1239 2949 1292 2994 (301.
1308 2953 1360 2996 ης,

72 3057 98 3096 25
112 3030 166 3094 alii
196 3041 388 3118 argentum,
419 3026 572 3092 nonnulli
599 3027 749 3117 equites,
780 3027 933 3117 plerique
954 3029 1170 3104 vestimenta,
1195 3040 1227 3090 et

110 3131 340 3222 unusquisque
380 3142 417 3194 ut
447 3131 557 3218 potuit
593 3131 785 3196 donativum
814 3131 919 3198 dedit.
954 3133 1022 3196 lam
1053 3155 1132 3195 vero
1156 3131 1227 3194 vale

111 3235 233 3299 taciens
250 3233 362 3323 puella
374 3244 452 3320 post
465 3232 611 3298 lacrimis
626 3247 660 3298 et
677 3234 805 3316 oscula,
829 3259 902 3300 cum
918 3234 960 3298 de
980 3247 1076 3322 porta
1091 3233 1227 3322 egrede·

111 3352 212 3418 retur,
228 3362 296 3402 uno
313 3360 470 3401 carrucae
487 3336 625 3401 effracta
639 3361 717 3416 axe,
739 3361 854 3402 omnes
874 3365 890 3400 α
903 3335 988 3402 Mala
1004 3339 1085 3402 hora
1101 3363 1118 3396 »
1138 3337 1226 3400 dixe-

110 3457 201 3512 runt:
239 3439 330 3530 quod
360 3464 377 3503 a
416 3439 616 3529 quibusdam
657 3463 718 3530 pro
752 3441 901 3532 arispicio
937 3453 1129 3530 susceptum
1162 3453 1221 3502 est.

71 3571 96 3609 ao
109 3545 263 3634 Denique
279 3544 362 3606 haec
378 3542 420 3607 de
435 3543 581 3608 Parisios
593 3567 782 3632 progressa,
799 3555 915 3608 octavo
928 3543 969 3607 ab
985 3543 1068 3607 urbe
1085 3540 1226 3605 miliario

109 3649 252 3713 tentoria
269 3645 328 3736 ligi
351 3645 525 3734 praecipit.
557 3647 740 3738 surgentes
765 3646 853 3712 enim
869 3647 882 3738 l}
899 3647 1140 3736 quinquaginta
1164 3643 1224 3708 viri
1237 3673 1287 3717 fu,
1303 3673 1339 3714 sn.

109 3753 150 3816 de
184 3763 297 3828 nocte,
333 3748 572 3836 adpraehensis
605 3762 737 3815 centum
772 3749 942 3840 equitibus
975 3745 1109 3836 optimis
1145 3745 1226 3810 toti-

109 3855 251 3942 demque
271 3849 374 3914 frenis
387 3851 493 3916 aureis
509 3875 546 3916 ac
573 3853 703 3918 duobus
719 3855 838 3918 eatinis
860 3853 1004 3941 magnis,
1033 3849 1072 3914 ad
1093 3847 1224 3914 Childe-

112 3958 240 4020 bertum
260 3977 373 4044 regem
391 3954 464 4045 luga
488 3955 610 4046 dilapsi
633 3957 798 4020 abierunt.
820 3955 885 4020 Sed
903 3965 936 4018 et
958 3977 1017 4042 per
1034 3963 1140 4016 totum
1161 3951 1224 4014 iter

66 4087 95 4123 aa
109 4083 183 4123 cum
199 4056 268 4121 labi
288 4056 362 4145 quis
380 4061 555 4144 potuisset,
573 4058 770 4148 effugiebat,
789 4058 896 4123 serens
913 4078 1024 4122 secnrn
1040 4075 1124 4142 quae
1146 4051 1225 4117 arri·

109 4185 188 4250 pere
223 4160 398 4246 potuisset.
430 4161 617 4250 Apparatus
648 4184 781 4250 (proque
812 4182 949 4246 magnus
984 4179 1147 4246 expensae
1181 4153 1222 4218 de

109 4263 251 4328 diversis
267 4260 454 4328 civitatibus
473 4263 506 4328 in
525 4263 651 4328 itenere
670 4275 892 4352 rouge-egatus
912 4273 981 4336 enm
1005 4257 1037 4324 in
1055 4281 1121 4346 quo
1140 4255 1222 4321 nibil
