3238 5140
414 410 578 461 HISTORIAE
596 409 796 460 FRANCORUM
814 410 946 460 LIBERI.
1213 415 1242 464 ta

125 542 215 618 geat,
236 529 425 619 pollicetur.
444 529 487 593 At
501 527 558 593 ille
568 540 717 593 terrenas
733 526 870 593 divicias
881 540 1101 618 postponens,
1112 530 1241 620 sapien·

125 631 174 695 tia
190 631 294 722 magis
305 630 453 720 expetiit.
472 630 570 715 Quod
588 641 694 695 ratum
710 631 854 718 Domino
866 629 938 711 fuit,
951 630 996 695 ita
1011 644 1048 697 ut
1062 633 1103 698 ab
1123 633 1241 700 codem

127 733 260 799 audiret
280 759 287 798 ε
307 735 396 822 Quia
415 759 479 798 non
498 737 656 824 quaesisti
673 758 776 822 regnu
791 735 908 799 mundi
924 757 982 798 nec
1000 735 1136 800 divicias
1153 741 1239 815 eius,

125 838 186 902 sed
202 837 385 926 postulasti
402 841 617 926 sapientiam,
639 835 710 900 ideo
732 840 872 924 accipies
897 861 982 900 eam.
1012 836 1097 902 Ante
1119 853 1150 903 te
1177 864 1241 904 non

96 941 189 1029 sfiiit
206 944 337 1028 sapiens
356 944 421 1018 sic,
441 953 558 1028 etpost
575 952 605 1002 te
619 962 684 1002 non
705 943 767 1002 crit
781 938 804 1000 ¹.
828 938 925 1021 Quod
941 951 1058 1026 postea
1080 941 1241 1009 iudicium
1340 959 1343 966 ⁴

127 1041 223 1122 illud,
246 1042 335 1130 quod
358 1040 446 1106 inter
469 1042 550 1107 duas
573 1040 728 1106 mulieres
757 1040 798 1104 de
825 1065 891 1105 uno
919 1040 1045 1108 infante
1072 1041 1242 1134 litigantes

126 1143 259 1224 intulit,
288 1145 517 1233 conprobavit.
551 1143 565 1235 ll
594 1143 655 1210 Hic
692 1143 850 1209 Salomon
870 1143 1056 1209 aedificavit
1081 1147 1242 1234 templum
1254 1163 1308 1211 Fet.
1322 1166 1345 1212 9.

127 1245 263 1311 nomine
288 1245 423 1312 Domini
451 1246 534 1313 miro
554 1270 675 1336 opere,
697 1246 836 1310 multum
860 1244 908 1310 ibi
930 1245 1000 1324 auri
1026 1247 1240 1338 argentique,

128 1349 213 1414 aeris
231 1373 268 1414 ac
288 1348 368 1414 ferri
385 1348 559 1440 ingerens,
581 1348 626 1412 ita
646 1359 683 1413 ut
701 1347 861 1416 diceritur
880 1348 1130 1437 aquibusdam,
1151 1376 1242 1417 num-

81 1477 112 1515 το
128 1475 227 1539 quam
242 1450 350 1516 simile
369 1452 493 1517 mundo
513 1451 615 1516 fuisse
632 1449 820 1516 aedificium
840 1449 1048 1518 fabricatum.

170 1553 222 1618 Ab
245 1577 383 1643 egressu
405 1577 483 1618 vero
506 1552 649 1618 liliorum
679 1553 805 1617 Israhel
830 1577 870 1620 ex
897 1554 1049 1645 Aegypto
1071 1580 1176 1645 usque
1200 1556 1242 1622 ad

125 1653 392 1721 aedificationem
407 1656 535 1746 templi,
554 1656 644 1744 quod
658 1656 720 1719 fuit
736 1679 843 1726 annus
860 1655 1021 1744 septimus
1040 1658 1137 1748 regni
1150 1659 1242 1724 Salo·

125 1757 255 1837 monis,
277 1758 492 1823 inveniuntur
513 1757 591 1822 anni
617 1756 753 1823 ducenti
773 1757 988 1848 octuaginta,
1007 1758 1094 1824 sicut
1107 1762 1242 1850 ‚Regum

124 1873 266 1925 testatur
284 1860 435 1925 historia.

78 2053 109 2094 15
170 2031 273 2096 XIIII.
288 2033 369 2096 Post
384 2041 522 2094 mortem
538 2041 647 2096 autern
661 2028 849 2096 Salomonis
863 2028 1004 2094 divisum
1014 2029 1241 2119 perduriciam

126 2131 264 2196 Roboae
287 2157 426 2222 regnum
446 2131 480 2196 in
505 2132 587 2198 duas
604 2145 733 2220 partes,
757 2131 954 2196 restiterunt
976 2131 1042 2196 duo
1066 2131 1174 2197 tribus
1202 2134 1242 2201 ad

127 2233 296 2316 Roboam,
318 2235 408 2323 quod
430 2235 544 2300 ludam
564 2234 835 2324 appellabantur;
854 2234 894 2298 ad
913 2234 1112 2299 Hieroboam
1133 2249 1242 2301 autem

126 2336 236 2402 decim
260 2337 385 2419 trihus,
405 2338 494 2427 quod
513 2338 639 2404 Israhel
658 2339 849 2402 vocabatur.
870 2340 952 2403 Post
976 2339 1057 2406 haec
1077 2338 1180 2430 igitur
1201 2339 1242 2404 ad

125 2435 280 2504 idolatria
304 2439 511 2506 declinantes
538 2464 599 2505 nec
630 2440 832 2529 profetarum
859 2439 1014 2504 vaticinia
1039 2465 1100 2505 neo
1127 2465 1241 2506 eorum

75 2569 108 2608 ao
125 2541 282 2607 interitus
304 2566 365 2610 nec
383 2543 495 2608 clades
517 2541 643 2632 patriae
668 2567 729 2608 nec
756 2542 904 2631 ipsorum
924 2541 1023 2608 etiarn
1045 2567 1160 2634 regum
1185 2569 1242 2610 eos

124 2643 255 2710 excidia
273 2645 484 2710 domuerunt.

138 2883 143 2888 ,
170 2814 240 2880 XV.
261 2816 377 2878 Donec
392 2813 495 2878 iratus
509 2825 624 2879 contra
642 2837 698 2878 eos
714 2814 876 2878 Dominus
894 2811 1049 2879 excitavit
1062 2816 1241 2882 Nabucho-

124 2913 287 2995 donosor,
308 2914 364 3004 qui
386 2914 497 2980 cosin
521 2915 749 3004 Babylloniam
778 2940 852 2980 cum
872 2915 982 2980 omnia
1002 2918 1117 3007 templi
1144 2943 1242 2983 orna·

125 3030 239 3082 menta
265 3017 413 3107 captivos
431 3017 577 3082 abduxit.
599 3021 636 3082 In
655 3043 719 3108 qua
740 3017 931 3108 captivitate
949 3031 982 3083 ct
1000 3019 1142 3085 Danihel
1164 3047 1242 3110 pro-

75 3148 106 3187 as
123 3123 228 3212 pheta
243 3119 394 3199 eximiuS,
407 3119 496 3185 inter
508 3121 712 3186 aesurientes
728 3120 842 3186 leones
856 3121 994 3200 inlesus,
1014 3134 1047 3186 et
1064 3135 1132 3188 tres
1146 3123 1241 3213 pueri

121 3225 159 3289 in
178 3223 287 3289 medio
302 3222 430 3314 ignium
449 3221 609 3288 aurolenti
633 3224 723 3289 abire
747 3222 879 3313 captivi.
905 3227 943 3289 ln
965 3225 1027 3288 hac
1051 3224 1242 3315 captivitate

122 3340 159 3392 et
177 3325 355 3392 Ezechihel
372 3325 596 3414 prophetavit,
614 3338 648 3390 et
667 3327 811 3391 Hesdras
829 3326 958 3415 profeta
978 3335 1075 3392 natus
1094 3341 1155 3393 est.

168 3429 316 3496 ADavid
331 3441 440 3494 autem
460 3454 565 3518 usque
581 3428 622 3494 ad
633 3427 880 3520 desolationem
899 3427 1015 3518 templi
1036 3443 1069 3494 et
1089 3429 1242 3496 transmi-

118 3534 311 3622 grationem
339 3533 374 3596 in
408 3531 636 3620 Babylloniam
664 3532 899 3621 generationes
935 3531 1358 3625 quattuordesscim‚c01,1a,

77 3664 106 3700 aa
122 3637 159 3702 id
182 3648 235 3702 est
258 3635 382 3714 David,
414 3635 588 3714 Salomon,
623 3635 788 3715 Roboam,
818 3635 919 3714 Abia,
951 3637 1034 3716 Asa,
1066 3639 1239 3725 Iosaphat,
1316 3694 1317 3700 ,

122 3744 244 3821 loram,
264 3740 362 3820 Ozia,
384 3739 550 3817 Ioatham,
567 3736 694 3815 Achaz,
716 3738 875 3818 Ezechia,
896 3739 1094 3818 Mannases,
1114 3739 1239 3820 Arnon,
1305 3731 1308 3738 ’

122 3841 238 3907 Iosias.
258 3843 294 3906 In
307 3840 359 3905 his
372 3840 639 3929 quattuordecim
651 3840 925 3929 generationibus
937 3841 1015 3906 anni
1027 3841 1242 3908 inveniuntur
1309 3866 1311 3870 ’

122 3968 262 4009 numero
293 3942 428 4013 tricenti
465 3941 659 4033 nonaginta.
691 3945 740 4008 De
764 3945 825 4008 hac
856 3967 934 4008 vero
961 3943 1151 4034 captivitate
1181 3969 1242 4034 per

122 4045 308 4111 Zorobabel
338 4045 541 4124 liberantur,
569 4043 625 4134 qui
648 4057 764 4133 postea
789 4057 822 4109 et
839 4045 1000 4135 templum
1022 4058 1055 4111 et
1074 4045 1240 4111 civitatem

155 4293 178 4340 1.
197 4294 220 4340 3.
235 4289 298 4356 neg.
313 4291 336 4350 3,
350 4291 433 4340 11-12.
