3220 5158
425 453 591 525 liisTOtuAE
608 455 808 504 FRANCORUM
825 457 923 506 LlBllR
939 457 971 506 11.
1221 457 1251 504 39

135 598 204 638 non
222 573 349 638 distuli.
373 572 474 637 Aiunt
494 574 601 652 enim,
625 575 720 662 quia,
747 576 940 664 priusquam
961 573 1009 639 hii
1028 576 1143 639 hostes
1161 574 1250 638 veni-

136 689 230 757 rent,
249 675 373 741 vidisse
393 675 498 740 virum
516 675 649 740 fidelem
670 677 705 742 in
724 679 795 742 visu
819 679 913 766 quasi
934 677 1161 742 conferentem
1177 699 1251 741 cum

137 781 263 846 sanctis
283 780 443 868 apostolis
463 781 562 844 Petro
581 803 618 844 ac
645 780 747 845 Paulo
772 783 906 846 beatum
925 780 1057 845 levitam
1080 780 1252 846 stefanum

137 883 180 948 de
197 884 263 946 hoc
283 880 414 946 excidio
428 883 489 946 hae
505 880 698 947 dicentem:
723 909 739 944 «
762 885 845 964 Oro,
871 883 999 948 domini
1021 883 1105 962 mei,
1130 895 1252 948 utnon

106 983 356 1073 spermittatis,
378 985 516 1049 obtento
540 997 651 1048 vestro
675 986 886 1049 Mettensem
902 987 1019 1050 urbem
1043 986 1085 1048 ab
1108 983 1253 1050 inimicis

136 1089 250 1168 exuri,
273 1087 348 1176 quia
365 1087 459 1152 locus
479 1087 513 1152 in
533 1111 570 1152 ea
590 1101 659 1168 est,
676 1089 710 1152 in
729 1111 795 1176 quo
811 1089 991 1177 parvetatis
1008 1111 1099 1152 meae
1113 1088 1254 1178 pignora

136 1191 369 1270 continentum
384 1190 442 1255 sed
463 1193 573 1279 potius
589 1191 735 1255 sentiant
753 1215 787 1254 se
802 1191 936 1280 populi,
958 1191 1083 1280 aliquid
1092 1213 1143 1256 me
1155 1213 1254 1280 posse

137 1315 211 1358 cum
230 1293 385 1357 Domino.
409 1293 506 1376 Quod
531 1292 558 1357 si
580 1293 708 1358 facinus
728 1292 844 1382 populi
862 1293 1084 1382 supercrevit,
1109 1305 1146 1358 ut
1165 1292 1254 1358 aliud

137 1395 209 1460 fieri
231 1419 298 1460 non
321 1396 444 1484 possit,
474 1397 538 1460 nisi
563 1397 677 1461 civitas
702 1396 852 1461 tradatur
876 1395 1050 1477 incendio,
1071 1395 1179 1460 saltim
1201 1395 1254 1460 vel

94 1525 121 1564 10
137 1502 204 1564 hoc
218 1499 400 1563 oraturinm
425 1523 493 1563 non
522 1512 696 1564 cremetur.
727 1525 744 1561 a
770 1499 832 1564 Cui
852 1499 910 1564 ille
934 1499 1053 1564 aiunt:
1078 1525 1095 1563 a
1113 1499 1204 1566 Vade
1219 1497 1255 1562 in

136 1617 236 1691 pace,
251 1599 463 1666 dilectissimi
477 1602 487 1647 ¹
503 1601 615 1682 frater,
630 1602 811 1668 oraturium
827 1614 955 1666 tantum
972 1615 1066 1667 tuum
1083 1607 1152 1667 noa
1168 1597 1255 1668 carel

137 1704 207 1768 bit2
219 1703 430 1770 incendium!
449 1707 514 1770 Pro
525 1706 607 1769 urbe
624 1727 702 1770 vero
719 1727 787 1768 non
804 1696 1043 1785 obtinebimus,
1057 1704 1134 1794 quia
1152 1703 1256 1770 domi·

136 1809 231 1872 nicae
246 1806 428 1872 sanctionis
448 1831 636 1896 supeream
657 1806 823 1872 sententia
837 1807 902 1871 iam
918 1809 1093 1895 processit.
1115 1807 1256 1872 lnvaluit

137 1911 225 1974 enim
246 1923 420 2000 peecatum
439 1910 572 1998 populi,
595 1923 629 1974 et
651 1910 776 1974 clamor
795 1910 946 1974 maliciae
971 1933 1084 1975 eorum
1101 1895 1257 1974 ascendit

93 2035 248 2078 iscoram
266 2015 354 2092 Deo,
373 2011 450 2077 ideo
470 2011 584 2076 civitas
606 2013 692 2094 ¹haee
710 2013 911 2077 cremabitur
930 2009 1098 2076 incendio.
1120 2038 1137 2074 >1
1158 2012 1254 2077 Unde

135 2115 253 2206 procul
279 2115 417 2179 dubium
442 2128 509 2194 est,
539 2114 629 2203 quod
654 2115 772 2179 horum
800 2115 955 2196 obtentu,
988 2115 1071 2179 urbe
1107 2125 1252 2195 vastata,

135 2221 318 2284 oraturium
335 2219 520 2307 permansit
538 2217 693 2282 inlesum.

181 2399 236 2482 [7].
265 2399 375 2464 Attela
399 2423 478 2463 vero
506 2399 700 2463 Chunorum
730 2422 788 2462 rex
813 2398 1006 2488 egrediens,
1033 2423 1107 2464 cum
1133 2401 1252 2464 multas

136 2502 319 2571 Galliarum
370 2503 520 2566 civitates
562 2501 810 2590 obpraemeret,
845 2500 1254 2592 Aurilianisadgreditur

92 2630 274 2695 areamque
307 2605 448 2670 maximo
478 2603 618 2669 arietum
641 2603 775 2692 inpulsu
796 2604 914 2669 nititur
942 2628 1143 2696 expugnare.
1174 2609 1253 2671 Erat

134 2724 244 2776 autem
281 2731 320 2773 eo
353 2721 504 2796 tempore
537 2706 749 2772 beatissimus
777 2707 790 2798 ll
817 2707 965 2772 Anianus
993 2707 1028 2772 in
1062 2709 1407 2797 supradietaF01.17v·.

134 2815 217 2880 urbe
235 2813 433 2901 episcopus,
458 2810 508 2874 vir
525 2809 663 2875 eximiae
686 2809 883 2899 prudentiae
907 2835 944 2876 ao
961 2809 1138 2876 laudabilis
1155 2835 1251 2876 sanc·

134 2917 246 2992 titatc‚
268 2913 362 2980 cuius
382 2913 541 2979 virtutum
560 2926 655 3003 gesta
679 2915 854 2978 nobiscum
875 2913 1019 2979 fideliter
1043 2927 1248 2980 retenentur.

135 3009 286 3107 Cumque
302 3016 423 3082 inclusi
441 3013 557 3105 populi
580 3038 639 3080 suo
659 3015 846 3105 pontefeci,
871 3016 951 3105 quid
973 3029 1121 3107 agerent,
1145 3017 1251 3082 adela-

93 3149 120 3187 25
134 3132 283 3200 manent,
303 3119 359 3184 ille
377 3118 464 3183 fidus
477 3117 512 3182 in
529 3117 650 3208 llDeo,
676 3131 789 3184 monet
807 3143 922 3184 omnes
949 3120 984 3183 in
1004 3120 1154 3184 oratione
1176 3135 1316 3208 pro-001.
1330 3139 1367 3185 54.

135 3223 239 3290 sterni
256 3237 289 3288 et
307 3247 381 3287 cum
394 3219 541 3286 lacrimis
557 3234 768 3308 praesentem
789 3247 921 3311 semper
938 3222 972 3286 in
993 3221 1250 3287 necessitatibus

135 3326 271 3393 Domini
298 3322 456 3390 auxilium
486 3324 852 3414 inplorareDenique
887 3327 940 3390 his
976 3338 1012 3390 ut
1042 3326 1253 3413 praeciperat

135 3428 432 3519 depraecantibus,
449 3428 495 3491 ait
512 3427 667 3492 sacerdos
687 3454 692 3491 :
713 3455 730 3490 a
749 3427 898 3516 Aspicite
921 3429 962 3494 de
978 3452 1072 3493 muro
1090 3428 1249 3510 civitatis,

137 3535 163 3598 si
188 3534 251 3598 Dei
275 3529 444 3594 miseratio
467 3529 532 3594 iam
560 3543 741 3595 succurrat.
772 3557 788 3594 a
817 3530 1056 3620 Suspicabatur
1078 3531 1166 3596 enim
1192 3555 1252 3620 per

96 3663 122 3701 ao
137 3635 198 3702 Dei
232 3633 461 3698 misericordia
487 3632 619 3698 Aetium
651 3634 823 3714 advenire,
858 3635 898 3698 ad
928 3658 1026 3723 quem
1057 3646 1091 3699 et
1118 3632 1251 3699 Arelate

136 3740 264 3804 abierat
277 3736 370 3825 prius
388 3749 563 3824 suspectus
584 3736 697 3801 futuri.
719 3735 931 3825 Aspicientes
947 3748 1056 3801 autem
1076 3738 1119 3801 de
1138 3759 1249 3816 muro,

136 3840 303 3907 neminem
332 3839 497 3904 viderunt.
529 3842 571 3903 Et
596 3838 653 3904 ille
686 3865 693 3902 :
726 3865 743 3901 a
778 3841 897 3917 Orate,
933 3825 1058 3927 inquit,
1093 3837 1248 3918 fideliter,

136 3943 298 4010 Dominus
318 3940 407 4006 enim
422 3942 578 4006 liberabit
595 3964 653 4006 vos
668 3940 785 4006 hodie!
807 3967 824 4004 n
844 3940 1025 4007 Orantibus
1045 3941 1248 4021 autemillis,

136 4047 182 4112 ait
208 4071 214 4110 :
244 4073 261 4108 a
286 4044 436 4134 Aspicite
464 4043 602 4110 iterum!
626 4067 642 4106 >r
666 4046 801 4108 Etcum
831 4042 1053 4132 aspexissent,
1083 4042 1250 4108 neminem

97 4149 291 4219 reviderunt
310 4148 368 4238 qui
385 4147 487 4213 ferret
504 4145 673 4212 auxilium.
703 4144 758 4212 Ait
782 4146 830 4213 eis
854 4147 953 4212 tertio
976 4171 982 4209 ε
1011 4171 1028 4208 a
1057 4144 1092 4211 si
1108 4145 1252 4212 fideliter

171 4372 193 4420 l.
211 4373 281 4420 Corr.
298 4369 475 4420 dilectissime.
489 4395 520 4408 -
536 4370 558 4416 2.
578 4371 647 4418 Corr.
668 4367 803 4416 cremabit.
