3226 5156
371 391 401 439 98
653 388 810 439 Gauuouu
828 387 1035 436 TURONENSIS
1052 387 1201 438 episcopt

371 521 487 574 autem'
498 510 559 573 sub
573 506 713 572 Arriana
724 505 818 572 isecta
831 505 1046 584 'viventes,³et
1060 503 1136 593 quia
1149 505 1357 571 cousuetudo
1369 526 1481 572 eorum

370 624 438 692 est,
461 622 497 675 ut
514 609 724 676 adaltarium'
742 609 914 674 venientes
935 607 976 672 de
999 604 1063 672 alio
1076 606 1186 672 calice
1205 631 1303 698 reges
1323 609 1483 675 accedant

369 727 402 780 et
417 739 457 780 ex
472 712 536 778 alio
556 712 700 803 populus
720 710 840 792 minor,
857 707 1024 776 uenenum
1039 707 1079 774 in
1095 710 1276 777 calice'illo
1291 714 1420 801 posuit,
1440 713 1480 776 de

368 828 433 905 quo
451 829 557 882 mater
573 815 857 881 communicatura
875 813 956 879 erat.
980 812 1078 897 Quod
1093 811 1151 877 illa
1165 815 1303 895 hausto,
1326 815 1480 904 protinus

366 932 496 986 mortua
510 931 571 984 est.
589 911 664 986 Non
684 919 772 984 enim
793 912 937 982 dubium
957 928 1009 980 est
1034 915 1099 980 talc
1123 911 1326 980 'maleficium
1346 929 1419 982 esse
1437 918 1512 982 dea

365 1034 459 1112 parte
469 1020 606 1086 diubuli.
620 1015 707 1105 Quid
719 1031 835 1086 contra
847 1021 929 1084 haec
941 1017 1053 1082 miseri
1061 1015 1202 1083 heretici
1213 1017 1477 1107 respondebunt,

365 1123 451 1189 utin
471 1135 616 1188 sanctam
633 1147 747 1188 eorum
766 1123 875 1187 lo'oum
894 1122 1021 1186 habeat
1034 1117 1214 1184 inimicus?
1232 1121 1300 1186 Nos
1316 1139 1394 1186 vero
1408 1121 1480 1188 Tri·

364 1224 500 1292 nitatem
526 1225 561 1290 in
582 1250 646 1292 una
669 1221 868 1315 aequalitate
894 1221 1021 1312 pariter
1046 1232 1079 1286 et
1109 1220 1352 1310 omnipotentia
1373 1223 1479 1290 conli-

363 1341 488 1408 tentes,
508 1327 655 1394 etiamsi
675 1326 881 1392 mortiferum
902 1325 1072 1405 bibamus,
1100 1322 1135 1388 in
1157 1323 1294 1390 nominc*
1318 1328 1425 1393 Patris
1445 1341 1481 1393 et

362 1431 425 1507 Fili
438 1443 471 1496 et
489 1429 634 1520 Spiritus
653 1427 778 1509 sancti,
796 1428 865 1494 veri
885 1440 984 1518 atque
1003 1427 1269 1516 incorruptibilis
1287 1428 1367 1510 Dei,
1393 1428 1477 1495 nihil
1495 1453 1524 1496 to

361 1549 422 1598 nos'
440 1533 586 1598 nocebit.
610 1531 828 1622 Indignantes
849 1555 927 1596 vero
951 1528 1023 1595 Itali
1044 1541 1159 1595 contra
1175 1532 1262 1596 ha'nc
1289 1531 1476 1614 mulierem,

361 1637 568 1702 Theodotum
589 1659 701 1725 regem
726 1630 1089 1712 Tusciae‘i'nvit'antes‚'
1104 1656 1256 1721 superse
1279 1659 1392 1724 regem
1409 1646 1477 1700 sta·

360 1750 467 1804 tuunt.
490 1738 551 1804 Hic
565 1755 643 1803 vero
668 1761 742 1802 cum
761 1735 944 1802 dedicisset
967 1735 1228 1824 quaemeretri'x'
1255 1737 1319 1802 ista
1348 1737 1477 1804 conmi-

260 1879 263 1886 ·
360 1855 463 1922 serat,
485 1842 628 1931 qualiter
646 1852 785 1930 propter
804 1855 1070 1927 servum,'quem
1081 1838 1265 1928 acciperat,
1285 1839 1321 1905 iu
1338 1854 1477 1908 matrem

361 1943 507 2010 extiterit
541 1942 726 2033 parricida,
761 1966 958 2008 succensum
988 1942 1203 2007 vehementer
1236 1944 1408 2025 balneum,
1440 1945 1477 2012 in
1494 1971 1523 2013 15,

360 2047 477 2110 eodem
500 2070 575 2110 oum
600 2053 665 2110 una
692 2045 803 2134 puella
823 2043 950 2109 includi
974 2043 1148 2133 praecipit.
1179 2037 1270 2128 Quae
1298 2069 1359 2111 neo
1383 2072 1476 2114 mora

229 2147 592 2215 eoraaainter‘arduos
621 2171 760 2236 vapores
784 2146 954 2242 Ingressa,
984 2145 1020 2210 iu
1048 2148 1237 2235 pavimento
1249 2147 1266 2237 ΙΙ
1289 2139 1472 2232 conruens}

359 2263 487 2316 mortua
503 2263 601 2339 atque
620 2261 818 2339 consumpta
837 2261 906 2314 est.¹
926 2248 1024 2334 Quod
1045 2263 1288 2338 cognoscentes
1309 2251 1356 2317 hii
1377 2277 1475 2346 reges

359 2354 595 2420 Childebertus
607 2367 641 2418 et
658 2351 954 2430 Chlothacharius‚
970 2351 1163 2416 consobrini
1175 2352 1269 2432 eius,
1287 2355 1418 2422 necnon
1439 2367 1476 2422 et

357 2455 632 2535 Theudobertus,
669 2455 757 2544 quod
791 2452 920 2518 scilicet
947 2466 1013 2517 tam
1045 2453 1135 2542 turpi
1164 2455 1271 2521 fuerat
1297 2446 1476 2524 interfecta
1489 2465 1549 2528 ao'

356 2545 537 2647 supplicio,
557 2558 597 2622 ad
607 2556 823 2622 Theodadum
834 2547 1036 2644 legationem
1049 2553 1213 2646 dirigunt,
1231 2560 1473 2648 exprobrantes

354 2660 397 2724 de
411 2672 517 2726 morte
538 2660 608 2726 eius
622 2672 720 2747 atque
735 2657 913 2755 dicentes:
937 2683 954 2719 a
977 2657 1012 2722 Si
1033 2658 1115 2722 haec
1132 2681 1216 2746 quae
1236 2659 1334 2750 egisti
1354 2663 1472 2728 nobis-

355 2785 428 2826 cum
449 2787 517 2827 non
536 2759 771 2850 conposueris,
793 2783 933 2849 regnum
951 2772 1044 2824 tuum
1063 2759 1240 2826 auferimus
1261 2775 1294 2826 et
1311 2762 1418 2830 simile
1435 2777 1471 2830 te

352 2889 460 2954 poena
497 2863 739 2930 damnabimus.
772 2865 865 2926 'Iuno
898 2862 954 2926 ille
988 2861 1122 2941 timens,
1155 2864 1390 2955 quinquagena
1419 2866 1471 2932 eis

353 2966 443 3036 milia
471 2991 645 3032 aureorum
675 2964 869 3030 transmisit.
907 2964 1143 3050 Childebertus
1174 2978 1299 3047 autem,
1332 2981 1369 3036 ut
1397 2984 1519 3041 eratus

352 3093 483 3157 semper
495 3081 609 3133 contra
618 3066 913 3132 Chlothacharium
924 3063 1036 3156 regem
1046 3065 1177 3143 invidus
1192 3079 1289 3156 atque
1299 3083 1466 3152 versutus,

351 3196 425 3236 cum
446 3171 701 3255 Theodoberto‚
731 3180 853 3258 nepote
877 3192 953 3249 suo,
983 3163 1188 3250 coniunctis,
1217 3171 1358 3238 divisum
1379 3171 1470 3241 inter

350 3297 385 3337 se
403 3273 467 3338 hoc
488 3282 621 3352 autum,
644 3270 727 3335 nihil
746 3269 866 3336 exinde
883 3271 962 3335 dare
983 3273 1053 3362 regi
1076 3272 1334 3340 Chlothachario
1351 3277 1467 3362 volue-

349 3387 436 3440 runt.
458 3376 501 3439 At
511 3374 567 3439 ille
588 3398 688 3462 super
709 3375 884 3438 thesauros
905 3373 1137 3439 Chlodomeris
1161 3376 1355 3466 adgressus,
1378 3379 1465 3444 rnul-

347 3489 416 3542 tum
431 3475 498 3541 illis
514 3475 671 3567 amplius,
695 3500 791 3564 quam
819 3473 866 3538 hii
895 3475 1181 3557 infraudaveraut‚
1205 3479 1352 3544 abstulit.
1479 3510 1514 3550 ao

295 3657 297 3662 ¹
390 3663 521 3728 XXXII.
554 3659 808 3725 Theodobertus
841 3682 919 3724 vero
949 3656 984 3722 in
1020 3657 1145 3722 Italiam
1174 3660 1262 3724 ‘abiit
1282 3673 1317 3754 et
1341 3662 1463 3730 exinde

345 3765 484 3830 multum
505 3760 694 3851 adquisirit.
715 3762 782 3826 Sed
802 3761 880 3850 quia
907 3760 980 3825 loca
1006 3760 1077 3838 illa,
1106 3773 1143 3825 ut
1164 3747 1279 3841 l'ertur,
1309 3765 1462 3831 morbida

345 3879 439 3947 sunt,
459 3865 622 3932 exercitus
634 3863 748 3929 eiusIn
762 3863 902 3928 diversis
917 3860 1067 3928 febribus
1083 3886 1248 3929 conruens
1261 3849 1459 3950 iexabatur3

344 3969 438 4035 multi
458 3967 546 4034 enirn
573 3989 613 4030 ex
633 3965 686 4030 his
705 3966 740 4028 in
760 3963 826 4030 illis
847 3963 929 4030 locis
957 3963 1077 4029 mortui
1103 3979 1189 4029 sunt.
1218 3952 1315 4052 Quod
1342 3967 1460 4036 videus

189 4059 615 4148 r01.42v·.'The0d0bertus,
639 4093 678 4133 ex
695 4092 732 4162 ea
751 4090 901 4132 reversus
913 4079 975 4144 est,
994 4066 1007 4158 ll
1023 4068 1125 4132 multu
1142 4091 1252 4133 secum
1265 4069 1370 4160 spolia
1387 4071 1459 4162 ipse
1473 4103 1511 4144 aa

342 4174 393 4238 vel
412 4173 462 4240 sui
477 4173 678 4238 deserentes.
698 4166 831 4235 Dicitur
843 4180 953 4235 tamen
971 4177 1051 4234 tunc
1065 4171 1225 4259 temporis
1245 4195 1349 4260 usque
1365 4174 1459 4264 Tyci-

343 4301 421 4342 uum
455 4273 635 4342 accessisse
668 4271 853 4352 ciuitatem,
897 4271 931 4336 in
968 4295 1032 4360 qua
1065 4273 1286 4340 Buccelenum
1328 4299 1457 4344 rursum
