3220 5158
385 451 415 524 dt
669 465 825 524 Guuaoau
844 473 1052 556 TURONENSIS
1069 473 1220 522 EPISCOPI

386 593 463 658 ait:
490 621 506 656 a
534 592 636 657 Ecce!
664 595 726 682 ego
750 590 884 688 bumilis
914 604 1010 671 tuus,
1036 590 1203 681 piisssime
1225 616 1304 673 rex,
1336 593 1376 658 ad
1408 606 1499 658 tuam

387 694 569 785 potentiam
592 693 710 774 venio,
736 693 929 784 relinquens
952 693 1046 758 illum
1071 693 1293 759 miserrimum
1319 697 1500 762 Gundoba-

385 801 475 864 dum.
490 797 586 882 Quod
603 799 630 862 si
647 822 698 862 me
712 797 817 886 pietas
835 809 890 862 tua
909 796 1077 886 respicere
1089 797 1263 888 dignatur,
1276 797 1444 890 integrum
1461 799 1500 864 in

386 925 437 967 me
456 901 612 966 samolum
631 912 728 989 atque
745 898 877 964 fidelem
897 912 929 964 et
947 911 982 963 tu
1003 911 1036 963 et
1052 899 1178 989 posteri
1203 899 1251 964 tui
1275 901 1452 966 habebitis
1480 928 1499 964 »
1588 964 1589 988 ,

386 1008 492 1088 Quem
525 1004 580 1068 ille
609 1002 858 1093 promptissime
886 1002 1064 1093 colligens,
1092 1027 1204 1068 secum
1229 1004 1385 1068 retenuit.
1417 1007 1530 1070 Erat5
1588 1005 1589 1066 Ϊ

386 1108 474 1174 enim
503 1106 666 1172 iocundus
689 1105 723 1170 in
743 1104 878 1184 fabolis,
903 1117 1057 1170 strenuus
1079 1105 1113 1169 in
1140 1104 1309 1186 consiliis,
1331 1107 1437 1172 iustus
1461 1106 1500 1170 in
1588 1111 1589 1152 ἶ

385 1208 517 1274 iudiciis
536 1222 569 1274 et
590 1208 622 1273 in
650 1207 827 1290 commisso
850 1205 969 1271 fidelis.
995 1205 1147 1295 Denique
1166 1207 1403 1274 Chlodovecho
1423 1234 1501 1274 eum

266 1321 321 1370 col.
335 1323 372 1370 87.
386 1299 475 1377 omrii
497 1310 643 1377 exercitu
665 1310 751 1376 circa
774 1333 887 1374 murus
911 1308 1003 1372 urbis
1029 1309 1217 1391 resedenti,
1237 1307 1251 1400 l}
1268 1310 1313 1376 ait
1334 1311 1470 1376 Aridius
1492 1337 1499 1374 :

386 1443 404 1478 a
423 1415 457 1482 Si
477 1413 667 1506 dignanter,
684 1438 704 1477 o
724 1437 795 1492 rex,
811 1410 917 1503 gloria
935 1410 1145 1476 celsitudinis
1162 1425 1238 1478 tuae
1256 1438 1380 1503 paucos
1391 1414 1502 1480 humi-

265 1523 319 1572 Fol.
334 1525 372 1572 27.
384 1517 486 1584 litatis
500 1520 513 1606 ΙΙ
527 1541 618 1582 meae
630 1540 800 1582 sermones
815 1513 908 1579 vellit
926 1516 1104 1602 accepere,
1123 1515 1298 1580 consilium
1317 1515 1415 1582 liceat
1428 1542 1500 1582 non
1518 1543 1544 1581 ro

384 1621 528 1712 egeatis,
547 1605 657 1684 tamen
678 1618 743 1683 fide
763 1617 894 1708 integra
912 1616 1160 1698 mInistrabam3
1187 1617 1342 1708 idemque
1359 1618 1411 1683 vel
1434 1618 1500 1683 tibi

384 1747 568 1814 congruum
585 1721 637 1785 vel
657 1715 846 1785 civitatibus
865 1731 951 1799 erat,
971 1743 1031 1809 per
1054 1743 1135 1808 quas
1153 1720 1295 1786 transire
1316 1721 1496 1786 deliberas.

369 1854 402 1909 ¹«
428 1828 506 1907 Cur,
538 1824 663 1915 inquit,
701 1821 825 1888 retines
856 1820 1053 1900 exercitum,
1095 1847 1169 1886 cnm
1197 1822 1272 1888 loco
1306 1823 1500 1888 firmissimo
1589 1825 1590 1834 ³

383 1941 459 1993 tuus
477 1927 629 1993 resedeat
644 1923 822 1990 inimicus?
842 1923 1063 2014 Depopularis
1084 1949 1198 2016 agros,
1220 1938 1315 2015 prata
1327 1925 1496 2015 depascis,
1589 1981 1590 1984 ,

383 2031 494 2096 vineas
515 2029 680 2107 dissecas,
698 2028 818 2092 oliveta
833 2026 985 2092 succides
1001 2052 1182 2117 omnesque
1203 2027 1350 2118 regionis
1371 2029 1498 2094 fructos
1516 2055 1543 2094 15

384 2133 520 2212 evertis3
544 2129 676 2196 interim
697 2142 730 2194 et
744 2128 793 2193 illi
815 2128 900 2194 nihil
917 2153 1037 2194 nocere
1061 2129 1234 2219 praevalis
1264 2131 1360 2196 Mitte
1384 2130 1499 2220 potius

343 2287 346 2292 .
371 2221 583 2324 'legationem
602 2244 635 2297 et
651 2231 826 2312 tributum,
845 2232 934 2320 quod
956 2227 1018 2296 tibi
1041 2231 1137 2296 annis
1160 2231 1301 2323 singulis
1317 2232 1496 2312 dissolvat,

383 2342 524 2430 inpone,
544 2351 580 2404 ut
596 2351 629 2402 et
644 2336 735 2427 regio
754 2336 842 2400 salva
861 2335 920 2415 sit,
946 2347 979 2399 et
1003 2348 1037 2400 tu
1057 2337 1181 2400 tributa
1206 2334 1401 2400 dissolventi
1422 2361 1498 2426 per-

383 2439 686 2533 petucdomineris.
700 2439 798 2522 Quod
809 2437 1003 2519 sinoluerit,
1016 2450 1095 2502 tunc
1105 2437 1341 2526 quodlibuerit
1355 2437 1466 2503 facies,
1480 2469 1497 2503 a

383 2550 457 2630 Quo
477 2542 616 2609 consilio
635 2567 691 2607 rex
714 2539 868 2630 accepto,
895 2542 1025 2605 hostem
1047 2539 1155 2605 redIre
1171 2539 1265 2606 iubet
1284 2539 1324 2604 ad
1346 2541 1495 2631 propria.
1516 2569 1545 2608 ao

383 2652 475 2714 Tunc
502 2645 601 2711 missa
623 2642 789 2734 legatione
809 2643 849 2707 ad
872 2642 1130 2722 Guadobadum,
1159 2654 1195 2706 ut
1214 2641 1244 2706 ei
1265 2667 1325 2731 per
1346 2644 1500 2734 singulos

367 2773 487 2828 ,annos
514 2745 637 2812 tributa
665 2743 812 2835 inposita
842 2745 982 2809 reddere
1006 2743 1145 2822 debeat,
1173 2743 1277 2808 lubet.
1304 2744 1347 2809 At
1372 2744 1428 2809 illi*
1456 2745 1500 2811 de

383 2852 551 2941 praesenti
567 2841 665 2914 solvit
683 2861 715 2912 ct
730 2847 890 2936 deinceps
908 2845 1103 2911 solviturum
1122 2870 1156 2910 se
1176 2871 1249 2910 esse
1266 2847 1442 2936 promittit.

426 3033 548 3100 XXIIII
565 3029 642 3120 (33).
663 3031 745 3096 Post
762 3031 844 3094 haec
860 3028 1039 3117 resumptis
1057 3027 1203 3106 viribus,
1227 3028 1291 3090 iam
1312 3027 1499 3117 dispiciens

383 3138 454 3228 regi
471 3133 706 3233 Cblcdovecho
719 3133 844 3196 tributa
859 3132 1022 3222 promissa
1040 3130 1239 3209 dissolvere,
1254 3142 1368 3194 contra
1387 3131 1498 3196 Godc·
1515 3162 1545 3200 25

383 3239 524 3332 giselam
546 3237 680 3302 fratrem
707 3258 801 3300 suum
826 3233 1006 3300 exercitum
1030 3243 1214 3296 commovet
1239 3255 1379 3320 eumque
1408 3236 1499 3323 apud

361 3341 543 3432 ¹Viennam
572 3340 738 3406 civitatem
763 3336 929 3402 inclusum
955 3335 1099 3400 obsedit.
1130 3337 1253 3402 Verum
1277 3336 1335 3399 ubi
1368 3333 1499 3402 minore

382 3444 507 3535 populo
528 3444 684 3510 alimenta
708 3441 860 3506 defecere
884 3449 1085 3528 coeperunt,
1104 3435 1226 3500 timens
1253 3437 1496 3528 Godegiselus,

383 3572 425 3612 ne
450 3543 544 3613 adse
568 3570 673 3634 usque
701 3544 802 3608 sames
829 3541 1076 3618 extenderetur,
1107 3539 1205 3604 iussit
1228 3540 1350 3628 expelli
1375 3543 1499 3608 minori

383 3650 507 3740 populo
523 3651 564 3713 ab
584 3650 676 3714 urhe.
697 3649 770 3730 Quo
796 3645 898 3724 facto,
919 3642 1076 3733 expulsus
1095 3653 1145 3706 est
1165 3642 1254 3706 inter
1270 3655 1399 3707 ceteros
1420 3647 1498 3709 arti·
1515 3673 1546 3711 ao

360 3741 435 3820 'fex
453 3753 528 3833 ille,
552 3749 604 3816 cui
628 3751 669 3815 de
697 3749 904 3839 aquaeducto
927 3769 1005 3812 cura
1031 3745 1196 3808 manebat.
1225 3744 1284 3809 Ille
1304 3770 1383 3811 vero
1407 3746 1499 3812 indi·

359 3843 363 3851 ’
382 3881 508 3951 gnaris,
528 3879 586 3920 cur
605 3853 704 3918 luerit
726 3851 851 3917 eiectus
868 3852 909 3915 ab
926 3849 1009 3914 urbe
1032 3872 1106 3913 eum
1129 3848 1267 3930 ceteris,
1291 3848 1333 3913 ad
1357 3851 1499 3915 Gundo-

383 3961 505 4026 badum
530 3957 728 4024 l'uribundus
751 3955 861 4032 vadit,
892 3952 1061 4032 indicans,
1091 3949 1235 4040 qualiter
1261 3951 1428 4018 civitatem
1449 3956 1500 4020 in-

384 4085 540 4152 rumpens
569 4060 730 4126 ulti0nem
755 4069 924 4122 exerceret
948 4057 982 4119 in
1010 4055 1120 4119 fratre.
1151 4055 1212 4120 Illo
1248 4079 1380 4145 quoque
1412 4058 1500 4124 duce

384 4165 564 4242 exercitum
579 4187 638 4252 per
653 4161 860 4251 aquaeducto
876 4157 1052 4246 directum,
1070 4158 1182 4221 multis
1203 4181 1277 4222 cum
1294 4158 1410 4223 ferreis
1426 4184 1501 4225 vcc-
1516 4187 1546 4228 aa

357 4257 472 4332 ⁸tibus
494 4263 783 4356 praecidentibus,
810 4273 880 4325 crat
906 4271 1015 4324 autem
1042 4259 1243 4348 spiracolum
1271 4258 1361 4324 illius
1386 4259 1501 4350 lapide

384 4392 504 4461 magno
522 4367 732 4446 conclusum;
751 4388 817 4454 quo
832 4389 905 4430 cum
924 4363 1058 4429 vectibu
1074 4361 1179 4427 sillius
1193 4387 1255 4452 per
1270 4362 1500 4452 magisterium
