3220 5158
371 416 537 466 HISTORlAE
554 415 755 468 FRANGORUM
772 417 868 468 LIBER
885 419 921 468 III
1177 422 1207 468 79

128 537 184 603 Vl·
202 533 594 626 Chrodechildis-regina
614 534 870 602 Chlodomerem
886 537 939 602 vel
955 536 1102 626 reliquos
1117 536 1205 606 filios

83 661 164 702 suos
180 635 386 726 adloquitur,
400 635 517 715 dicens
533 647 541 700 ι’
562 663 579 700 «
593 638 668 704 Non
684 662 736 704 me
751 638 933 728 paeniteat,
951 637 1127 719 carissimi,
1146 663 1205 706 vos

83 739 231 806 dulciter
258 739 442 820 enutrisse3
469 739 660 830 indignate,
687 760 830 829 quaeso,
859 740 1014 806 iniuriam
1039 763 1144 808 meam
1174 754 1208 822 et

84 842 191 934 patris
216 841 397 932 matrisque
424 866 516 908 meae
542 855 682 909 mortem
714 845 820 908 sacaci
846 843 957 910 studio
987 845 1204 912 vindicate.»

58 949 176 1016 slluec
199 945 249 1020 illi
272 944 465 1026 audientes,
496 945 708 1036 Burgundias
734 959 854 1035 petunt
880 960 914 1014 et
939 946 1087 1040 contrarii
1107 947 1336 1038 Sygi-Col.too.

86 1049 249 1114 mundum
273 1049 326 1120 vel
351 1049 485 1116 fratrem
515 1050 586 1114 eius
613 1048 841 1116 Godomarum
870 1048 1032 1141 dirigunt.
1058 1050 1206 1116 Devinc-

85 1165 225 1242 tumque
252 1152 433 1217 exercitum
456 1175 589 1232 eorum,
619 1151 829 1218 Godomarus
852 1165 947 1243 terga
969 1152 1079 1220 vertit.
1108 1150 1207 1243 Sygi-

87 1255 232 1320 mundus
257 1278 355 1335 vero,
384 1255 464 1320 dum
491 1254 533 1318 ad
561 1266 694 1318 sanctos
720 1253 877 1344 Agaunos
901 1254 1009 1343 fugire
1034 1253 1164 1334 nititur,
1191 1257 1209 1317 ιί

87 1357 314 1423 Chlodomere
339 1370 455 1447 captus
474 1380 548 1421 oum
573 1381 674 1421 uxore
701 1369 733 1421 et
756 1356 834 1422 filiis
850 1356 1000 1445 captivus
1018 1356 1207 1436 abducitur,

51 1485 71 1524 ιι
87 1473 189 1550 atque
222 1459 308 1524 infra
338 1459 519 1525 terminum
546 1458 807 1524 Aurilianensim
838 1460 955 1524 urbem
988 1459 1023 1523 in
1058 1459 1208 1524 custodia

87 1563 240 1653 positus,
263 1564 452 1629 detenetur.
485 1561 813 1650 Discedentibusque
838 1561 891 1652 his
915 1561 1071 1652 regibus,
1096 1562 1209 1628 Godo-

88 1689 200 1732 marus
206 1679 408 1756 resumptis
419 1665 558 1744 viribus
577 1665 833 1755 Burgundiones
852 1663 1021 1780 collegit
1004 1687 1210 1755 regnumque

88 1769 223 1859 recipit.
253 1770 377 1834 Contra
400 1791 499 1859 quem
523 1749 814 1833 Chlodomerist
787 1778 908 1832 iterum
936 1768 989 1830 ire
1012 1767 1208 1860 disponens,

88 1873 335 1964 Sygimundum
350 1871 539 1936 interficere
555 1870 739 1936 destinans.
759 1869 819 1935 Cui
832 1895 848 1935 a
860 1871 958 1934 beato
973 1869 1070 1934 Avito
1081 1870 1208 1948 abbati,

50 1953 696 2066 omagnotunctemporissacerdote,
715 1973 936 2038 dictumest:
959 1999 976 2035 ιι
998 1971 1052 2053 Si,
1071 1971 1208 2061 inquid,

88 2058 430 2166 respiceres'Deum,
465 2075 692 2164 emendaveris
723 2075 901 2141 consilium
938 2089 1051 2155 tuum,
1083 2087 1121 2139 ut
1149 2075 1211 2139 hos

88 2179 245 2244 homines
265 2178 408 2244 interfici
431 2203 498 2243 non
502 2179 677 2292 patiaris,
693 2177 757 2243 erit
779 2181 869 2243 Deus
889 2191 1017 2290 tecum,
1040 2190 1073 2243 et
1095 2177 1210 2244 abiens

88 2280 468 2360 victoriumobtinebis3
483 2279 876 2370 siveroeos'oceideris,
883 2279 1023 2369 tuipse
1042 2279 1076 2344 in
1094 2303 1211 2346 manus

90 2383 306 2478 inimicorum
320 2381 479 2474 traditus,
503 2379 610 2447 simile
633 2365 722 2446 sorte
740 2381 885 2472 peribis
907 2382 1030 2471 fietque
1051 2381 1113 2446 tibi
1134 2403 1212 2446 uxo

51 2487 188 2576 ronique
208 2495 242 2551 et
261 2467 337 2550 filiis
357 2467 440 2565 tuis,
467 2467 557 2574 quod
580 2484 698 2550 feceris
724 2483 932 2574 Sygimundo
959 2497 993 2548 et
1017 2484 1153 2575 coniugi
1174 2509 1212 2550 ao

91 2589 211 2656 liberis
237 2587 318 2654 eius.
350 2586 491 2672 »Quod
516 2586 573 2653 ille
602 2587 789 2653 abscultare
814 2585 1000 2676 dispiciens
1032 2587 1211 2652 eonsilium

93 2693 185 2774 eius,
214 2689 260 2756 ait
286 2688 326 2780 :ll
343 2717 360 2754 ιι
383 2689 528 2756 Stultum
549 2688 726 2757 consilium
750 2713 824 2754 esse
849 2701 947 2778 puto,
978 2700 1031 2780 ut,
1057 2688 1212 2755 inimicos
1225 2699 1275 2750 Fol.
1290 2701 1319 2748 33
1332 2708 1366 2748 ιι.

94 2793 209 2859 domui
230 2792 382 2874 relictos,
403 2801 520 2858 contra
534 2789 682 2882 reliquos
699 2815 790 2870 eam,
814 2803 1103 2882 eosqueatergo,
1123 2791 1214 2856 hune

95 2923 112 2962 a
131 2897 243 2962 fronte
264 2907 457 2988 surgente,
458 2894 549 2959 inter
568 2894 652 2959 duos
672 2883 818 2958 hostium
832 2911 957 2986 cuneos
974 2916 1077 2957 ruam.
1102 2891 1213 2958 Satius

54 3028 81 3065 rs
96 3000 185 3065 enim
207 3011 241 3063 et
260 2996 537 3063 lac1l1usv1ctor1a
556 2979 756 3086 patrabitur,
779 2995 807 3060 si
826 3010 912 3060 unus
915 2979 975 3060 ab
995 2995 1060 3059 alio
1081 3017 1214 3084 separe-

96 3116 165 3168 tur
158 3124 256 3191 ,quo
277 3099 469 3181 interfecto,
492 3085 589 3164 facile
611 3109 644 3164 et
663 3097 746 3163 alios
769 3098 868 3163 morti
888 3097 1013 3187 poterit
1033 3097 1213 3162 destinare

97 3201 286 3292 Statimque
306 3202 482 3268 interfecto
506 3201 714 3293 Sygimundo
735 3225 809 3266 cum
831 3225 934 3266 uxore
954 3211 989 3265 et
1008 3199 1106 3290 liliis,
1129 3201 1216 3290 apud

96 3309 296 3400 Columnam
320 3305 564 3371 Aurilianensis
593 3307 710 3370 urbem
742 3304 852 3370 vicum
872 3305 906 3369 in
928 3316 1064 3394 puteum
1094 3303 1217 3371 iactare

97 3408 327 3502 praecipiens,
349 3407 561 3499 Burgundias
582 3406 692 3497 petiit,
717 3430 839 3471 vocans
859 3406 893 3470 in
916 3404 1075 3472 solacium
1095 3405 1220 3497 Theo-l}

58 3511 251 3578 rodorioum
283 3533 411 3600 regem.
444 3509 504 3574 llle
533 3520 642 3574 autem
661 3507 817 3574 iniuriam
839 3507 945 3573 soceri
972 3508 1022 3573 sui
1042 3508 1218 3573 vindecare
1230 3516 1284 3564 Col·
1299 3514 1352 3561 110·

99 3615 257 3694 nolens,·
272 3611 320 3676 ire
356 3610 520 3706 promisit.
559 3612 709 3699 Cumque
746 3610 874 3700 pariter
911 3611 998 3700 apud
1033 3609 1219 3678 Virontiam

100 3718 210 3782 locum
228 3711 321 3779 urbis
335 3711 539 3780 Viennensis
560 3711 732 3777 coniuncti
748 3711 908 3792 fuissent,
931 3736 1005 3776 cum
1029 3711 1219 3778 Godomaro

102 3817 298 3908 confligunt.
321 3815 470 3905 Cumque
491 3814 700 3881 Godomarus
721 3837 795 3879 cum
816 3813 963 3878 exercitu
986 3827 1079 3904 terga
1099 3813 1219 3879 vertis·
1284 3889 1287 3894 ¹

104 3933 169 4002 set,
192 3930 226 3984 et
250 3916 483 3982 Chlodomeris
507 3915 742 4006 insequeretur
773 3939 810 3980 ac
841 3916 883 3981 de
908 3915 976 3979 suis
999 3939 1066 3980 non
1087 3915 1219 3980 modico

62 4051 90 4090 as
105 4021 210 4112 spatio
230 4020 404 4110 elongatus
430 4031 536 4100 esset,
557 4017 787 4083 adsimiluntes
806 4017 855 4082 illi
876 4016 1008 4108 signum
1026 4017 1117 4097 eius,
1139 4017 1221 4082 dant

106 4126 145 4190 ad
164 4149 239 4191 eum
258 4145 375 4201 voces,
398 4121 550 4187 dicentes
569 4148 575 4184 :
599 4147 616 4183 ιι
632 4123 720 4200 Huc,
742 4121 807 4185 hue
823 4119 1035 4185 convertere!
1053 4119 1115 4184 Tui
1131 4118 1220 4182 enim

107 4251 229 4292 sumus.
253 4224 335 4289 »At
357 4223 414 4289 ille
436 4223 597 4302 eredens,
622 4221 705 4287 abiit
723 4221 893 4311 innuitque
915 4220 950 4285 in
977 4217 1088 4285 medio
1107 4219 1219 4284 inimi-

109 4351 229 4393 eomm.
254 4325 356 4391 Cuius
379 4337 583 4414 amputatum
607 4323 714 4413 capud
735 4336 768 4388 et
795 4335 896 4388 contu
922 4317 1064 4388 defi'xum
1090 4320 1221 4386 elevant
