3256 5144
326 479 370 524 184
614 477 772 526 GREGORII
790 475 999 526 TURONENSIS
1017 477 1168 526 EPISCOPI

326 593 510 683 denegans,
538 591 701 658 amicitias
728 593 908 658 multorum
930 592 1068 658 detexit.
1101 592 1256 682 Denique
1283 605 1361 681 post
1393 591 1454 656 tri-

327 696 429 761 duum
444 695 561 786 regina
575 695 723 761 vinctum
743 695 841 760 iussit
856 720 931 760 enm
955 695 1099 760 transire
1116 698 1304 761 Matronam
1318 693 1455 759 fluvium

328 811 361 862 et
379 797 413 861 in
426 797 504 861 villa
520 797 572 863 cui
590 801 719 863 Nnceto
739 821 862 863 nomen
886 811 938 863 est
961 799 1143 864 custodire.
1163 801 1201 863 ln
1220 821 1284 887 qua
1302 796 1455 862 custodia

329 899 436 966 cultro
459 924 637 988 percussus
665 899 805 981 interiit,
826 899 900 990 ipso
918 925 1052 989 quoque
1071 901 1106 965 in
1127 902 1203 966 loco
1222 899 1372 989 sepultus
1391 911 1452 963 est.

328 1005 457 1067 Interea
491 1003 698 1066 advenerunt
722 1002 832 1068 nuntii
859 1003 900 1070 ad
926 1026 1056 1092 regem,
1084 1005 1141 1093 qui
1170 1004 1338 1081 dicerent,
1365 1001 1455 1090 qnod
1487 1025 1500 1064 s

327 1105 400 1194 ipse
422 1128 456 1170 se
476 1103 543 1169 ictu
564 1103 701 1193 proprio
727 1105 946 1192 perfodisset;
968 1118 1002 1170 et
1021 1105 1130 1176 adbuc
1156 1104 1266 1193 ipsum
1292 1105 1454 1182 cultrum,

328 1206 452 1296 dequo
472 1231 506 1270 se
524 1207 668 1294 perculit
689 1205 723 1272 in
744 1207 819 1272 loco
847 1221 934 1272 stare
955 1207 1103 1272 vulneris
1121 1207 1353 1276 adfirmabant.
1377 1206 1456 1290 Qui·
1519 1271 1524 1279 ,
1606 1239 1607 1260 r

328 1309 391 1372 bus
411 1331 468 1378 rex
486 1306 697 1396 Chilpericus
724 1307 874 1387 inlusus,
904 1333 966 1373 nec
988 1307 1097 1390 llevit,
1125 1333 1222 1397 quem
1243 1307 1337 1396 ipse,
1357 1321 1394 1372 ut
1410 1307 1457 1372 ita

328 1407 454 1488 dicam,
505 1421 611 1473 morte
659 1408 845 1474 tradiderat
882 1409 1064 1500 instigante
1102 1409 1229 1500 regina.
1264 1408 1458 1474 Servientes

329 1533 462 1598 quoque
480 1508 571 1574 illius
600 1534 661 1598 per
680 1510 812 1575 diversa
834 1511 979 1600 dispersi
1003 1525 1091 1596 sunt.
1123 1513 1231 1576 Mater
1252 1523 1361 1576 autem
1385 1509 1458 1576 eius
1475 1537 1504 1576 ro

331 1609 458 1674 crudeli
478 1621 584 1674 morte
604 1623 741 1699 negata;
764 1635 859 1676 soror
880 1611 987 1700 ipsius
1006 1612 1041 1676 in
1063 1611 1284 1691 monasterio,
1304 1612 1422 1677 delusa
1442 1637 1459 1676 a

331 1712 443 1800 pneris
464 1709 618 1801 reginae,
649 1712 885 1792 transmititur,
916 1714 950 1777 in
976 1738 1043 1803 quo
1070 1738 1177 1792 nunc,
1200 1725 1293 1778 veste
1314 1727 1458 1794 mutata,

332 1811 505 1892 consistit3
547 1837 695 1902 opesque
730 1838 845 1879 eorum
885 1839 1001 1882 onmes
1037 1815 1174 1906 reginae
1208 1815 1338 1882 delatae
1368 1829 1457 1881 sunt.

332 1913 465 1993 Mulier,
485 1939 569 2004 quae
588 1939 689 2003 super
705 1915 980 1982 Chlodovechnm
992 1917 1103 1982 locuta
1119 1917 1239 1995 fuerat,
1256 1915 1463 1983 diiudicatur

332 2015 490 2081 incendio
527 2040 753 2082 concremare.
800 2022 893 2101 Quae
932 2044 1008 2084 cum
1045 2019 1237 2098 duceretur,
1278 2019 1461 2084 reclamare
1478 2046 1503 2082 u

334 2120 446 2207 coepit
465 2118 602 2198 misera,
625 2144 659 2184 se
675 2121 845 2185 mendatio
864 2121 1063 2210 protulisse;
1091 2122 1150 2186 sed
1175 2121 1259 2185 nihil
1280 2121 1462 2210 prolicien-

333 2219 424 2287 tibus
441 2221 564 2301 verbis,
586 2221 730 2311 legatam
748 2222 789 2288 ad
811 2221 977 2312 stipitem,
999 2225 1114 2288 vivens
1137 2221 1287 2288 exuritur
1305 2221 1460 2290 flammis.

335 2323 574 2389 Thesaurarius
598 2324 826 2390 Chlodovechi
857 2348 881 2390 a·
906 2326 1085 2414 Chuppani
1113 2324 1235 2389 stabuli
1264 2323 1386 2389 comite
1421 2325 1464 2390 de

335 2425 487 2515 Biturigo
514 2439 688 2508 retractus,
726 2427 861 2516 reginae
883 2426 1100 2492 transmissus
1126 2440 1189 2506 est,
1217 2425 1358 2491 diversis
1387 2449 1463 2492 cru·

337 2527 479 2593 ciatibus
511 2529 747 2617 exponendns3
780 2529 838 2593 sed
867 2554 942 2594 eum
971 2528 1087 2618 regina
1115 2541 1149 2593 et
1179 2527 1354 2616 suppliciis
1383 2541 1417 2592 et
1448 2553 1507 2593 aio

336 2629 478 2694 vinculis
501 2629 598 2696 iussit
625 2629 769 2710 absolvi,
798 2628 1027 2718 liberumque,
1056 2629 1153 2695 nobis
1177 2629 1429 2708 obtinentibus,
1449 2655 1464 2694 a

338 2755 417 2820 rege
431 2728 523 2797 abire
542 2731 705 2819 permisit.

209 2934 263 2985 Col.
276 2935 328 2981 252·
370 2939 409 2985 40.
432 2937 495 2984 Post
521 2936 585 2983 haec
610 2936 709 2983 Elafius
735 2935 934 2984 Catalaunensis
953 2951 966 2983 e
988 2937 1092 2999 iseopus
1114 2943 1222 2999 propter
1243 2936 1468 2996 caususllBruni-

341 2998 436 3047 childis
450 2998 556 3060 reginae
572 2999 600 3044 in
617 2997 752 3060 Hispaniis
767 2999 794 3046 in
810 2998 940 3061 legatione
977 2999 1085 3054 heatus,
1104 3005 1240 3061 correptus
1258 3014 1273 3044 u
1292 2997 1362 3046 febre
1376 2997 1466 3053 nimia,

342 3079 354 3108 s
375 3062 465 3108 iritum
473 3060 598 3116 exaltaria
613 3066 638 3108 et
650 3060 740 3108 exinde
750 3060 853 3108 delatus
866 3067 998 3117 mortuus,
1009 3061 1042 3107 ad
1054 3061 1187 3108 civitatem
1198 3076 1272 3108 suam
1286 3060 1406 3123 sepultus
1418 3065 1466 3109 est.
1482 3075 1510 3112 ar,

341 3077 438 3171 Ebrius
454 3139 556 3186 quoque
569 3123 657 3185 episco
678 3139 722 3180 us,
736 3138 814 3187 quem
829 3123 940 3186 ligatum
955 3123 1133 3170 Brittanorum
1147 3139 1227 3185 supra
1240 3123 1420 3179 meminimus,
1435 3122 1469 3170 ad

341 3185 475 3233 civitatem
487 3201 563 3232 suam
574 3139 679 3247 regredi
692 3200 742 3231 non
754 3185 915 3258 permissus,
930 3192 958 3232 ut
971 3185 1123 3232 Andecavus
1137 3191 1290 3247 pasceretur
1302 3184 1333 3230 de
1346 3183 1470 3247 publico,

342 3264 357 3294 a
374 3263 435 3309 rege
453 3254 623 3310 praeceptum
640 3253 687 3294 est.
712 3246 762 3302 Qu1
780 3247 900 3296 Parisius
919 3247 1073 3304 adveniens,
1091 3248 1154 3294 dum
1173 3247 1214 3294 die
1234 3246 1365 3294 dominica
1379 3262 1469 3294 sacro·

342 3315 433 3356 sancta
457 3309 595 3357 sollemnia
616 3309 774 3366 celebraret,
798 3310 895 3356 emissa
916 3326 975 3356 cum
995 3309 1098 3356 hinnitu
1121 3325 1223 3364 vocem,
1247 3315 1332 3355 terrae
1356 3309 1468 3356 conruit.

342 3372 501 3433 Erumpente
513 3387 574 3419 vero
589 3371 622 3417 ab
635 3385 679 3418 ore
698 3371 753 3418 eius
766 3379 791 3419 et
810 3371 919 3420 naribus
937 3371 1105 3434 sanguinem,
1119 3371 1187 3418 inter
1204 3387 1298 3418 manus
1315 3371 1470 3432 deportatus
1484 3385 1512 3422 30
1606 3371 1607 3382 ¹

342 3438 390 3488 est,
405 3432 449 3479 sed
458 3434 600 3480 convaluit.
613 3434 698 3480 Nimio
710 3434 780 3481 enim
790 3434 850 3481 vino
863 3433 966 3481 deditus
977 3439 1041 3492 erat,
1060 3439 1085 3482 et
1098 3435 1251 3498 plerumque
1265 3433 1303 3482 ita
1317 3432 1470 3481 deformiter

343 3493 532 3552 inebriabatur,
543 3501 573 3542 ut
585 3511 705 3558 gressum
720 3497 804 3544 iacere
817 3512 869 3543 non
884 3495 992 3543 valeret.

388 3680 478 3743 XXX
489 3677 566 3764 (41).
586 3677 599 3766 Η
615 3678 720 3742 Mirus
739 3701 796 3742 rex
813 3676 1027 3744 Galliciensis
1040 3676 1169 3766 legatos
1186 3676 1226 3740 ad
1244 3676 1471 3742 Guntohram-

345 3803 424 3844 num
442 3803 555 3870 regem
574 3779 707 3844 direxit.
727 3781 878 3868 Cumque
898 3803 958 3868 per
974 3783 1152 3844 Pectavum
1170 3790 1356 3843 termenum
1374 3801 1472 3865 prae-

344 3880 496 3961 terirent,
517 3881 607 3970 quod
623 3893 702 3945 tunc
724 3881 936 3969 Chilperious
958 3905 1014 3947 rex
1041 3882 1194 3958 tenebat,
1208 3879 1366 3945 nuntiata
1393 3893 1472 3944 sunt
1485 3904 1513 3940 as

345 3984 386 4051 ei.
407 3983 451 4050 At
469 3983 525 4048 ille
546 3985 608 4048 sub
629 3982 781 4047 custodia
806 3983 870 4048 sibi
889 4007 946 4048 eos
967 3981 1116 4048 exhiberi
1143 3981 1309 4070 praecipit
1324 3992 1357 4046 et
1377 3983 1471 4046 Pari-

345 4087 413 4153 sius
448 4085 629 4152 custodire.
668 4089 714 4152 Eo
741 4096 894 4174 tempore
925 4085 1013 4174 apud
1038 4088 1276 4151 Pectavensem
1302 4083 1471 4149 civitatem

345 4190 443 4279 lupus
454 4213 494 4254 ex
509 4185 600 4252 silvis
614 4186 766 4268 veniens,
782 4213 843 4277 per
857 4201 988 4277 portam
1005 4187 1177 4276 ingressus
1191 4200 1260 4266 est3
1282 4186 1472 4274 clausisque

346 4291 468 4380 portis,
496 4291 581 4356 infra
613 4314 726 4355 murus
750 4289 857 4378 ipsius
880 4289 974 4354 urbis
999 4313 1213 4378 oppraessus,
1248 4288 1379 4353 occisus
1407 4301 1469 4352 est.
