3256 5144
363 431 410 488 l'll
649 436 807 490 GllEGOllll
826 433 1036 490 Turonensis
1054 431 1204 488 urlscont

360 557 452 620 iussu
476 555 658 644 Chilperici
679 554 767 645 regis
784 554 938 620 abierunt
959 565 992 620 et
1021 567 1137 620 eontra
1156 559 1355 634 Warocum,
1382 554 1489 618 silium

360 659 528 746 quondum
552 658 720 736 Maeliavi,
747 655 788 720 ad
820 656 1030 724 Vicinoniam
1061 656 1196 721 lluvinm
1220 656 1387 722 resedent.
1419 656 1488 721 Sed

360 759 408 823 illi
434 759 551 825 dolose
573 783 634 848 per
658 771 756 822 nocte
790 782 890 846 super
920 761 1069 824 Saxones
1104 756 1337 823 Baiocassiuos
1371 781 1485 834 ruens,

360 861 534 925 maximam
564 860 684 925 exinde
707 873 836 948 partem
867 859 1037 925 interficit.
1068 863 1150 926 Post
1175 860 1359 925 dicantem
1388 858 1489 924 tertia

361 977 434 1028 cnm
456 965 597 1028 ducibus
622 961 711 1052 regis
730 960 913 1050 Chilperiei
934 983 1049 1050 pacem
1066 961 1190 1026 faciens
1211 975 1244 1026 et
1269 963 1373 1028 filium
1392 979 1520 1027 suums
1610 971 1611 1028 ξ

360 1052 394 1129 in
419 1065 608 1129 obsidatum
633 1055 781 1143 donans,-
816 1077 1058 1129 sacramentnm
1086 1089 1121 1129 se
1148 1067 1367 1144 constrinxit,
1397 1065 1489 1154 quod

167 1239 174 1254 ι
244 1175 298 1224 Fol.
312 1177 348 1224 72.
362 1162 470 1227 fidelis
487 1162 500 1252 ll
518 1164 589 1252 regi
607 1162 799 1250 Chilpcrioo
819 1185 892 1226 esse
910 1161 1059 1226 deberet.
1081 1163 1229 1229 Venetus
1253 1184 1387 1252 quoque
1408 1163 1491 1228 civi-

362 1277 463 1330 tatem
482 1263 605 1328 refudit
622 1267 682 1329 sub
699 1289 735 1328 ea
762 1263 982 1343 condicione,
1004 1277 1041 1328 ut
1068 1289 1103 1328 se
1121 1277 1307 1329 mereretur
1333 1287 1404 1328 eam
1428 1287 1493 1352 per

362 1367 545 1431 iussionem
574 1365 662 1456 regis
687 1366 836 1455 exigere,
868 1365 993 1430 tributa
1023 1367 1074 1430 vel
1103 1366 1213 1431 omnia
1249 1391 1332 1455 quae
1370 1366 1492 1430 exinde
1610 1441 1611 1454 χ

362 1468 573 1532 debebantur
599 1470 695 1532 annis
725 1467 884 1558 singulis,-
909 1467 1000 1532 nullo
1031 1468 1245 1549 admonente,
1276 1467 1487 1534 dissolveret.
1500 1485 1539 1535 '1o

364 1569 460 1652 Quod
479 1593 553 1633 cum
572 1569 693 1633 sactum
714 1569 842 1647 luisset,
865 1568 1031 1633 exercitus
1050 1571 1091 1634 ab
1110 1593 1147 1634 ea
1166 1570 1240 1634 loca
1255 1582 1402 1635 remotus
1425 1585 1489 1636 est.

363 1675 443 1735 Post
457 1673 538 1734 liaeo
556 1670 768 1759 Chilpericus
786 1695 844 1734 rex
863 1671 905 1734 de
921 1673 1125 1758 pauperibus
1145 1685 1177 1736 et
1197 1671 1385 1737 iunioribus
1402 1672 1494 1738 cole-

363 1771 430 1836 siae
450 1773 501 1836 vel
517 1771 674 1836 basilicae
699 1774 809 1836 banno
830 1771 928 1836 iussit
947 1770 1047 1862 exigi,
1073 1796 1134 1860 pro
1151 1797 1190 1837 eo
1208 1773 1323 1861 quod¹
1343 1775 1377 1836 in
1397 1797 1495 1840 exer-

363 1873 465 1936 citum
482 1894 548 1937 non
572 1873 808 1936 ambulassent.
835 1875 908 1937 Non
933 1873 1020 1936 enim
1042 1884 1113 1936 erat
1134 1875 1361 1954 consuetude,
1382 1888 1418 1939 ut
1443 1875 1493 1940 hii

363 1975 463 2038 ullam
481 1975 690 2038 exsolverent
710 1973 878 2061 publicam
895 1973 1112 2038 functionem.
1129 1978 1210 2040 Post
1228 1978 1311 2040 haec
1327 1981 1494 2046 Warocus
1510 2005 1538 2043 15
1610 2019 1611 2044 i

364 2075 565 2140 obliviscens
578 2075 810 2163 promissionis
830 2099 925 2155 suae,
947 2076 1063 2140 volens
1084 2077 1278 2164 inrumpere
1294 2079 1385 2165 quod
1403 2079 1493 2144 fece-

364 2191 431 2256 rat,
464 2176 606 2240 Euninm
634 2176 828 2265 episcopum
856 2178 1034 2244 Veneticae
1064 2177 1156 2242 urbis
1187 2178 1227 2242 ad
1263 2172 1493 2267 Chilpericum

231 2301 286 2348 Col.
298 2302 350 2347 238.
364 2278 489 2368 dirigit.
513 2279 556 2342 At
575 2278 631 2342 ille
648 2280 697 2341 ira
716 2291 913 2358 commotus,
933 2276 946 2367 ll
963 2278 1175 2368 obiurgatum
1193 2303 1267 2343 eum
1284 2281 1383 2344 exilio
1403 2282 1489 2345 dam·

365 2403 443 2443 nare
459 2379 634 2468 praecipit.

408 2562 467 2624 XX
485 2558 561 2645 (27).
579 2559 676 2624 Auno
694 2583 827 2646 quoque
844 2570 961 2645 quarto
983 2557 1211 2638 Childeberti,
1233 2559 1290 2647 qui
1309 2561 1371 2625 luit
1385 2564 1492 2631 XVlll
1507 2594 1538 2630 eo

365 2660 607 2726 Guntchramni
628 2673 663 2725 et
680 2659 862 2748 Clrilperici
884 2684 1017 2750 regum,
1035 2661 1123 2748 apud
1146 2660 1359 2728 Cabillonum
1379 2665 1492 2731 civita·
1610 2645 1611 2652 .

364 2776 431 2828 tem
453 2763 599 2850 synodus
618 2774 689 2826 acta
712 2773 820 2826 estex
839 2761 930 2826 iussu
952 2760 1115 2850 principis
1134 2764 1400 2845 Guntolrramui;
1421 2768 1493 2832 dis-

365 2867 538 2955 cussisque
559 2864 700 2930 diversis
723 2865 848 2942 causis,
872 2876 988 2928 contra
1017 2862 1189 2929 Salonium
1215 2877 1248 2928 et
1275 2865 1493 2956 Sagittarium

365 2967 542 3055 episcopos
572 2965 709 3030 iterator
738 2965 792 3029 illa
830 2967 966 3053 antiqua
997 2965 1178 3030 calamitas.
1212 2966 1414 3033 Obiciuntur
1444 2971 1493 3035 eis

365 3070 516 3148 crimina,
537 3079 571 3132 et
584 3093 652 3132 non
668 3067 775 3131 solum
789 3067 830 3131 de
845 3065 1063 3145 adulterium,
1080 3091 1193 3132 verum
1210 3069 1309 3134 etiam
1324 3071 1365 3136 de
1382 3073 1493 3138 homi·
1507 3100 1536 3139 as

365 3171 462 3237 cidiis
499 3181 708 3234 accusantur.
747 3168 815 3233 Sed
841 3170 924 3234 haec
962 3167 1202 3256 paenitentiam
1229 3172 1372 3261 purgare
1410 3199 1493 3240 cen-

366 3285 477 3338 soutes
499 3270 665 3360 episcopi,
686 3270 770 3334 illud
791 3282 842 3334 est
861 3270 1027 3348 additum,
1050 3272 1140 3358 quod
1164 3284 1278 3338 essent
1303 3273 1349 3338 rei
1371 3275 1494 3342 maies-

365 3374 442 3438 tatis
470 3386 503 3437 et
529 3371 655 3460 patriae
687 3371 888 3459 proditores.
916 3374 988 3453 Qua
1019 3371 1061 3434 de
1094 3395 1191 3436 causa
1221 3375 1262 3438 ab
1295 3373 1493 3466 episcopato

365 3474 533 3552 discincti,
547 3473 581 3537 iu
596 3473 732 3538 basilica
745 3472 833 3537 boati
849 3471 998 3537 Marcelli
1013 3473 1074 3536 sub
1084 3474 1235 3538 custodia
1252 3475 1491 3545 detruduntur.

366 3580 414 3642 Ex
431 3599 495 3664 qua
512 3599 573 3663 per
590 3576 698 3664 lugam
717 3575 819 3663 lapsi,
840 3573 1069 3640 discesserunt
1088 3597 1149 3662 per
1168 3575 1297 3642 diversa
1312 3593 1493 3668 vagantes,
1509 3609 1537 3648 ao
1610 3557 1611 3618 l

345 3749 348 3755 ,
365 3679 473 3742 douec
491 3678 524 3743 iu
545 3675 734 3742 civitatibus
753 3692 866 3742 eornm
882 3676 955 3740 aliis
969 3676 1136 3766 obiurgati
1153 3692 1240 3742 suot.

411 3862 485 3926 XXl
509 3859 586 3946 (28).
624 3857 834 3946 Chilpericus
863 3882 941 3922 vero
973 3882 1029 3922 rex
1063 3857 1301 3924 discribtiones
1332 3883 1433 3926 noras
1460 3875 1495 3928 et

366 3980 483 4052 graves
504 3960 538 4024 iu
561 3958 650 4023 omni
675 3983 778 4048 reguo
802 3983 861 4023 suo
882 3958 953 4024 fieri
979 3957 1087 4023 iussit.
1115 3963 1187 4042 Qua
1209 3961 1250 4025 de
1269 3985 1367 4026 causa
1396 3963 1494 4028 multi

367 4062 596 4150 relinquentes
623 4059 773 4124 civitates
801 4059 874 4123 illas
891 4060 942 4122 vel
967 4059 1198 4147 possessiones
1226 4061 1398 4150 proprias,
1429 4063 1494 4130 alia

1203 4213 1494 4226 U———ffl

398 4283 419 4328 l.
439 4282 494 4329 Nou
505 4284 622 4343 exponet.
637 4283 661 4326 et
676 4276 736 4326 add.
752 4295 832 4342 rruug.
851 4284 912 4330 unte
933 4277 1121 4326 umbulusseut.
