3256 5144
398 389 440 434 172
681 385 839 435 Gnauoun
856 386 1067 436 TURONENSIS
1087 387 1236 436 EPISCOPl

395 479 547 567 eiicessit.
571 505 630 567 Hic
648 527 745 581 vcro,
768 527 843 566 cum
862 503 1077 591 Chilperious
1096 527 1153 568 rex
1171 507 1196 568 T
1199 527 1357 568 ornacum
1379 528 1394 566 a
1421 504 1523 568 fratre

395 606 618 683 obsideretur,
638 617 734 670 natus
753 617 803 668 est
819 604 923 683 filius;
945 630 1045 692 quem
1066 618 1172 670 mater
1194 607 1237 670 ob
1258 619 1382 672 metum
1405 606 1524 670 mortis

275 706 328 754 ¹³⁰¹·
344 709 411 769 Μ
437 731 471 769 se
488 705 625 778 ‚abiecit
649 705 661 796 ll
688 719 721 769 et
746 706 888 793 perdere
905 707 1021 771 voluit.
1055 706 1122 772 Sed
1146 730 1220 770 cum
1245 731 1313 770 non
1337 707 1521 794 potuisset,

393 807 567 895 obiurgata
581 832 598 871 a
614 833 705 897 rege,
726 832 801 871 eum
821 807 991 896 baptizare
1012 807 1186 896 praecipit.
1207 808 1271 891 Qui
1287 808 1474 897 baptizatus
1491 821 1525 872 et

393 909 434 971 ab
466 907 539 996 ipso
569 908 729 996 episcopo
760 921 953 996 susceptuS,
984 910 1090 973 lustro
1126 933 1193 973 uuo
1229 933 1290 974 nec
1325 910 1553 997 perluceto,s

393 1009 570 1076 defunctus
587 1022 648 1074 est.
670 1013 752 1076 Nam
774 1024 806 1074 et
827 1023 933 1076 mater
948 1012 1019 1075 eius
1032 1009 1265 1099 Fredegundis
1280 1010 1313 1074 in
1333 1012 1386 1075 his
1404 1011 1525 1075 diebus

392 1110 538 1200 graviter
551 1111 734 1200 egrotavit,
758 1113 817 1176 sed
839 1111 1019 1177 convaluit.

436 1296 509 1362 XVl
529 1293 606 1380 (23).
627 1297 707 1360 Post
718 1296 801 1358 haec
817 1293 851 1358 in
867 1305 977 1374 nocte,
996 1293 1169 1381 quoderat
1184 1295 1284 1358 tertio
1298 1292 1526 1358 idusNovem-

393 1395 479 1475 bris,
507 1397 662 1483 apparuit
687 1395 785 1461 nobis
815 1395 903 1460 beati
933 1393 1069 1459 Martini
1096 1394 1226 1484 vigilias
1254 1395 1527 1459 caelebrantibus

394 1521 549 1585 magnum
568 1495 779 1586 prodigium;
798 1520 873 1560 nam
893 1496 928 1560 in
946 1495 1057 1560 medio
1078 1496 1176 1560 lunae
1192 1496 1288 1560 stella
1306 1495 1439 1584 fulgens
1454 1496 1527 1561 visa
1547 1525 1570 1562 m

394 1611 444 1662 est
462 1598 594 1662 elucere
611 1610 644 1661 et
662 1622 762 1686 super
780 1622 817 1661 ae
835 1609 950 1686 supter
964 1597 1076 1661 lunam
1092 1597 1175 1661 aliae
1187 1597 1296 1662 stillae
1313 1596 1527 1686 propinquae

393 1709 631 1788 apparuerunt.
656 1699 722 1763 Sed
747 1712 780 1762 et
804 1699 947 1764 circulus
972 1698 1044 1780 ille,
1074 1701 1129 1787 qui
1157 1698 1302 1787 pluviam
1326 1698 1527 1788 plerumque

394 1800 577 1889 signifieat,
598 1800 686 1864 cirea
706 1824 778 1864 cam
798 1802 960 1889 apparuit.
987 1801 1053 1866 Sed
1074 1825 1157 1888 quae
1176 1799 1409 1888 figuraverint,
1426 1801 1523 1890 igno-

393 1927 514 1968 ramus.
533 1906 613 1969 Nam
637 1915 670 1966 et
686 1903 765 1966 luna
779 1905 843 1967 hoc
858 1928 945 1968 anuo
965 1927 1064 1991 saepe
1080 1905 1114 1967 in
1135 1901 1376 1992 nigritudinem
1393 1926 1525 1968 versam

393 2004 552 2081 vidimus,
571 2017 604 2067 et
623 2016 699 2068 ante
720 2005 862 2068 natalem
882 2004 1016 2069 Domini
1034 2005 1146 2093 gravia
1162 2005 1253 2068 fuere
1271 2002 1431 2067 tonitrua.
1457 2007 1527 2069 Sed
1545 2034 1570 2070 r,

394 2105 591 2192 splendores
607 2106 655 2171 illi
672 2107 759 2170 eirea
779 2106 896 2186 solem,
912 2105 999 2170 sicut
1017 2107 1082 2170 iam
1104 2118 1179 2170 ante
1198 2105 1328 2169 cladem
1341 2105 1527 2171 Arvernam

393 2207 494 2272 luisse
517 2207 865 2287 commemoravimus,
893 2208 983 2295 quod
1006 2205 1123 2272 rustici
1144 2207 1233 2272 soles
1255 2219 1395 2284 vocant,
1421 2232 1526 2296 appa-

394 2321 542 2372 rraernnt.
571 2329 602 2373 Et
615 2343 685 2374 mare
707 2327 776 2374 ultra
796 2326 902 2374 modum
920 2342 1057 2390 egressum
1072 2326 1212 2381 adserunt,
1232 2333 1255 2374 et
1272 2326 1354 2373 multa
1375 2325 1429 2372 alin
1449 2327 1527 2390 signo

393 2417 583 2472 apparuerunt.

436 2620 525 2684 XVll
561 2617 636 2704 (24).
669 2619 942 2682 Guntehramnus
975 2619 1063 2682 Boso
1100 2621 1254 2682 'loronns
1293 2641 1367 2682 cum
1407 2619 1525 2705 paucis
1543 2641 1571 2675 21·

393 2719 527 2784 armatis
542 2719 694 2798 veniens,
717 2718 802 2782 filias
823 2743 911 2796 suas,
933 2743 1015 2808 quas
1036 2719 1069 2782 in
1087 2719 1225 2783 basilica
1246 2732 1360 2783 saneta
1376 2718 1526 2808 relique-

392 2834 454 2900 rat,
472 2823 502 2885 vi
519 2821 656 2886 abstulit
668 2833 700 2885 et
716 2845 771 2884 eas
787 2824 948 2885 Pectavus
965 2821 1145 2900 civitatem,
1164 2821 1220 2908 qui
1233 2820 1524 2885 eratChildeberti

392 2921 493 3010 regis,
526 2922 693 3010 perduxit.
720 2923 932 3009 Chilpericus
956 2947 1014 2986 rex
1035 2926 1213 2986 Pectavum
1236 2923 1401 3010 pervasit,
1423 2935 1525 3010 atque

392 3025 525 3111 nepotis
547 3025 597 3088 sui
614 3025 768 3088 homines
785 3025 826 3086 ab
842 3023 913 3088 eius
932 3037 1010 3087 sunt
1026 3023 1220 3088 hominibus
1241 3023 1389 3113 effugati.
1408 3027 1524 3088 llnno-

391 3127 483 3190 dium
499 3151 539 3190 ex
556 3124 714 3190 comitatu
736 3126 777 3189 ad
796 3125 885 3214 regis
909 3124 1133 3213 praesentiam
1152 3126 1392 3214 perduxerunt.
1415 3129 1524 3208 Quem
1541 3154 1568 3188 ιν,

392 3229 491 3293 exilio
527 3229 736 3306 damnatum,
771 3227 944 3292 facultates
983 3229 1054 3290 eius
1080 3227 1160 3290 lisca
1186 3226 1421 3291 subdiderunt.
1455 3229 1523 3291 Sed

391 3343 468 3419 post
493 3354 615 3394 animm
643 3343 675 3393 et
699 3329 826 3417 patriae
856 3341 889 3392 ct
914 3327 1126 3392 facultatibus
1147 3328 1298 3392 redditus
1326 3340 1387 3392 cst.
1417 3332 1524 3393 Grnrt·

392 3433 570 3495 chramnus
587 3435 685 3512 Bosa,
706 3428 832 3494 relictis
849 3429 981 3494 filiabus
1003 3431 1070 3493 suis
1083 3429 1116 3492 in
1134 3428 1272 3494 basilica
1286 3428 1375 3492 beati
1396 3429 1521 3498 llelari.

392 3535 432 3596 ad
447 3533 700 3598 Clrildebertum
719 3556 832 3621 regem
848 3532 992 3598 transiit,

253 3720 306 3765 (lot
327 3719 379 3764 2²³⁶·
437 3716 541 3781 XVlll
569 3713 644 3799 (25).
676 3714 773 3777 Auno
794 3713 1073 3804 quoquetertioll
1093 3714 1300 3778 Childebcrti
1327 3712 1433 3802 regis,
1463 3717 1566 3802 quia»

393 3830 463 3882 erat
481 3814 663 3903 Clrilperici
689 3827 722 3880 et
746 3817 991 3881 Guntehramni
1019 3829 1189 3904 septemus
1216 3816 1365 3880 decimus
1392 3839 1520 3892 annus,

393 3943 466 3983 eum
486 3917 687 3994 Dacolenus,
709 3915 863 4006 Dagarici
882 3918 1051 4005 quondam
1076 3917 1182 3996 filius,
1204 3917 1322 3980 relicto
1343 3916 1413 4006 regi
1432 3916 1522 3981 Chil-

392 4019 518 4108 perico,
537 4019 602 4082 huc
622 4017 768 4104 illucque
783 4030 971 4106 vagaretur,
994 4043 1011 4082 a
1030 4018 1221 4108 Dragolcno
1237 4018 1335 4094 duci,
1353 4020 1411 4105 qui
1432 4018 1521 4082 dice-

393 4125 491 4186 batur
508 4119 708 4196 lndustrius,
722 4119 949 4184 fraudolenter
963 4122 1214 4208 adpraclrcnsus
1227 4133 1287 4182 est.
1308 4124 1414 4200 Quem
1429 4119 1520 4182 vinr-

393 4233 462 4284 tum
490 4221 530 4284 ad
551 4220 777 4309 (lhilperieum
813 4245 924 4310 regem
960 4221 1161 4286 Brinnaeum
1195 4220 1345 4301 dedunt,
1380 4220 1454 4283 data
1490 4221 1562 4284 eia.
