3256 5144
395 352 439 401 teo
679 347 836 401 GREGORII
854 345 1062 401 TURONENSIS
1077 351 1231 400 EPISCOPl

423 469 460 528 45.
480 467 625 529 Agroecula
644 465 714 513 enim
728 465 938 514 Cabillonnensis
956 467 1096 530 episcopus
1112 468 1161 515 boc
1178 467 1243 515 obiit
1264 474 1396 531 tempere;
1416 468 1517 532 fuitque

392 529 470 577 bomo
479 528 556 576 valde
567 529 674 592 elegans
687 544 717 574 ac
729 528 853 590 prudens,
868 544 961 591 genere
975 529 1115 577 senatorio.
1130 529 1212 576 Multa
1223 529 1251 576 in
1264 529 1369 576 civitate
1383 530 1429 578 illa
1442 531 1518 578 acdi-

392 591 452 638 flcis
465 591 537 648 lecit,
554 591 646 639 domus
664 590 825 653 composuit,
841 591 978 638 ecelesiam
995 592 1146 647 fabricavit,
1164 607 1243 654 quam
1256 591 1383 640 colomnis
1400 593 1515 650 fulcivit,

392 653 506 702 variavit
521 669 660 710 marmore,
678 668 784 700 mosevo
801 652 926 715 depinxit.
946 653 1056 716 Magnae
1076 659 1163 701 autem
1181 654 1353 701 abstinentiae
1376 655 1435 712 tuii;
1453 671 1515 702 nam

392 731 535 778 numquam
546 715 688 778 prandium
705 726 769 762 usus
788 721 840 772 est,
859 714 910 762 nisi
926 721 1028 762 tantum
1044 730 1148 772 cenam,
1169 715 1202 762 ad
1220 731 1299 779 quam
1316 717 1353 763 sic
1371 717 1517 779 temporive
1531 735 1545 770 5
1615 719 1616 722 ’

392 778 542 834 resedebat,
558 783 589 824 -ut
602 777 656 824 sele
670 783 754 824 stante
770 783 948 840 consurgeret.
965 777 1141 826 Humanitatis
1161 777 1283 842 exiguae,
1302 779 1438 826 facundiae
1454 795 1517 826 vero

392 855 503 904 magnae
515 846 579 887 erat.
593 840 665 886 Obiit
676 844 764 886 autem
776 838 943 912 episcopatus
960 856 1027 886 anno
1041 839 1140 902 quadra
1163 839 1238 886 ‘simo
1251 847 1354 898 octavo,
1369 841 1410 888 evi
1429 847 1517 889 autem

392 902 547 965 octogisimo
563 901 649 949 tertio.
664 901 710 948 Cui
727 901 845 956 Flavius,
865 901 1059 948 referendarius
1079 902 1149 950 Gunt
1169 903 1253 950 ramni
1273 903 1358 966 regis,
1379 903 1515 950 successit.

259 1037 312 1085 Col.
326 1038 379 1086 259.
423 1044 460 1089 46.
476 1043 511 1090 Eo
525 1048 642 1104 tempere
655 1047 680 1088 et
693 1041 850 1105 Dalttmatius
867 1041 982 1088 butenae
996 1041 1112 1089 civitatis
1130 1041 1270 1104 episcopiis
1287 1043 1413 1106 migravit
1429 1061 1444 1092 a
1458 1061 1518 1092 sae-

391 1105 462 1160 culo,
478 1104 518 1151 vir
529 1105 556 1150 in
568 1103 640 1150 omni
653 1103 791 1150 sanctitate
803 1104 967 1165 praecelsus,
982 1103 1116 1151 abstinens
1129 1105 1171 1152 vel
1186 1120 1201 1152 a
1213 1105 1279 1152 cibis
1293 1107 1335 1153 vel
1347 1121 1363 1153 a
1375 1107 1518 1179 concupis·
1534 1129 1559 1166 10

391 1167 483 1214 centiis
493 1165 596 1222 earnis,
610 1165 686 1213 valde
697 1165 899 1228 elymosinarius
910 1172 936 1212 et
945 1165 1045 1213 cunctis
1056 1165 1197 1222 humanus,
1209 1166 1235 1212 in
1250 1167 1367 1214 oratione
1379 1175 1404 1215 et
1414 1169 1516 1232 vigiliis
1615 1161 1616 1184 ³

391 1229 456 1276 sutis
469 1228 580 1276 stabilis.
596 1227 740 1274 Ecclesiam
756 1228 912 1284 construxit,
928 1228 973 1274 scd
990 1229 1122 1276 dameam
1135 1229 1169 1275 ad
1189 1229 1397 1277 emendationem
1407 1231 1516 1294 saepius

390 1291 509 1346 distruit,
521 1289 714 1352 inconpositum
726 1289 873 1352 dereliquit.
890 1290 953 1337 Post
968 1290 1041 1337 euius
1060 1290 1161 1337 obitum
1175 1291 1265 1348 multi,
1278 1298 1308 1338 ut
1319 1291 1361 1350 fit,
1375 1292 1516 1356 episcopa-

388 1359 446 1401 tum
457 1353 582 1416 petibant.
605 1350 790 1399 Transobadas
805 1367 866 1398 vero
879 1351 1017 1414 presbiter,
1036 1352 1080 1414 qui
1096 1351 1230 1424 quondam
1245 1352 1445 1402 archidiaconus
1459 1355 1515 1404 eius
1615 1399 1616 1404 ,

390 1415 487 1472 iuerat,
501 1415 613 1461 maxime
624 1413 651 1460 in
664 1414 713 1460 hoc
725 1413 886 1470 intendibat,
900 1413 982 1469 fidus,
994 1413 1066 1476 quod
1079 1414 1163 1461 tilium
1176 1431 1253 1462 suum
1263 1431 1323 1462 cum
1335 1416 1455 1480 Gogone,
1470 1418 1515 1480 qui
1533 1430 1557 1469 15
1615 1441 1616 1460 t

389 1484 450 1525 tune
464 1477 535 1539 regis
546 1483 602 1522 eret
614 1475 755 1530 nutricius,
769 1475 1005 1525 commendaverat.
1017 1474 1170 1524 Condidirat
1182 1483 1270 1524 autem
1281 1478 1420 1550 episcopus
1431 1485 1515 1527 testa·
1615 1481 1616 1488 ’

389 1545 518 1594 mentum,
531 1539 558 1585 in
575 1554 626 1610 quo
641 1537 710 1600 regis
730 1537 848 1584 exenium
867 1537 930 1600 quid
949 1544 1009 1600 post
1025 1538 1080 1584 eius
1098 1538 1199 1586 obitum
1216 1546 1345 1603 accepiret
1361 1541 1513 1597 indecabat,

389 1601 512 1649 adiurans
525 1599 689 1648 terribilibus
700 1600 880 1654 sacramentis,
892 1606 920 1646 ut
928 1599 1070 1654 ineeclesie
1082 1599 1188 1648 illanon
1199 1600 1513 1658 ordinariturextraneus,

388 1679 439 1710 non
452 1663 572 1725 cupidus,
586 1662 777 1724 nonconiugali
790 1662 894 1708 vinculo
904 1677 998 1719 nexus,
1015 1663 1060 1708 sed
1074 1663 1107 1708 ab
1122 1662 1163 1710 his
1177 1663 1298 1710 omnibus
1311 1679 1341 1710 ex
1361 1664 1456 1722 editus,
1489 1666 1514 1712 ui

388 1724 415 1773 in
437 1725 500 1772 solis
522 1730 625 1772 tantum
641 1723 778 1770 dominicis
797 1723 920 1771 laudibus
942 1724 1065 1786 degebat,
1092 1724 1298 1773 substituentur.
1349 1682 1514 1775 ransobadus
1529 1745 1557 1782 ρο
1615 1753 1616 1778 i

388 1793 475 1834 autem
486 1786 616 1850 presbiter
628 1786 735 1858 epulum
747 1786 774 1832 in
787 1786 845 1848 ipsa
864 1787 928 1833 urbe
940 1786 1042 1834 clericis
1057 1793 1206 1849 praeparat.
1220 1788 1409 1836 Resedentibus
1427 1796 1515 1838 eutem

388 1849 455 1904 illis,
468 1866 535 1896 uuus
547 1848 769 1912 praesbiterorum
783 1863 827 1895 coe
848 1847 869 1894 it
882 1849 1031 1896 antestitem
1048 1855 1221 1896 memoratum
1237 1850 1368 1912 inpudicis
1387 1850 1515 1914 blaspbe-

388 1925 460 1958 mare
475 1910 652 1967 sermonibus;
671 1915 696 1956 et
711 1925 792 1982 usque
810 1864 846 1956 ai
856 1910 903 1956 hoc
918 1910 1017 1972 erupit,
1034 1916 1063 1956 ut
1074 1926 1134 1958 eum
1146 1911 1263 1959 delerum
1280 1918 1306 1960 et
1319 1913 1421 1966 fatuum
1433 1914 1516 1961 nomi·

387 1978 469 2020 naret.
483 1973 552 2020 llaec
563 1987 591 2018 eo
605 1971 717 2027 dicente,
732 1988 856 2044 pincerna
868 1972 991 2034 poculum
1005 1972 1141 2020 oblaturus
1155 1973 1268 2021 advenit.
1280 1975 1312 2020 At
1324 1974 1368 2022 illc
1377 1981 1514 2083 acceptum

388 2035 451 2081 dum
461 2034 499 2080 ori
510 2035 652 2098 proximat,
666 2039 772 2081 tremire
780 2033 878 2096 coepit,
888 2033 1056 2097 laxatumque
1067 2035 1099 2081 de
1112 2050 1191 2082 manu
1203 2036 1319 2092 calicem,
1332 2052 1411 2099 super
1421 2053 1437 2084 a
1448 2036 1512 2092 ium,
1528 2055 1555 2092 25
1615 2073 1616 2078 .

388 2096 432 2160 qui
447 2096 497 2143 sibi
511 2102 566 2143 erat
588 2097 738 2158 proximus,
758 2102 837 2159 caput
854 2095 994 2152 reclinans,
1014 2095 1128 2144 reddidit
1149 2113 1160 2144 s
1182 2096 1280 2160 iritum.
1304 2098 1465 2162 Ablatusque
1479 2100 1513 2147 ab

388 2158 465 2221 epulo
489 2159 521 2206 ud
543 2158 720 2221 sepulchrum,
743 2157 822 2204 humo
843 2164 975 2205 contectus
1002 2164 1049 2205 est.
1079 2158 1141 2205 Post
1163 2113 1227 2206 haee
1242 2160 1334 2207 relicto
1356 2167 1514 2209 testamento

388 2220 519 2268 antestitis
531 2220 718 2283 inpraesentia
731 2218 910 2266 Childebertbi
923 2220 993 2281 regis
1004 2235 1034 2267 ae
1050 2235 1190 2282 procerum
1201 2221 1270 2278 eius,
1283 2221 1456 2280 Theodosius,
1468 2224 1514 2286 qui

388 2289 450 2330 tunc
462 2283 708 2330 archediaeoaatum
721 2281 795 2330 urbis
807 2281 879 2328 illius
890 2281 1048 2346 potiebatur,
1063 2283 1203 2348 episcopus
1214 2283 1350 2331 ordinatus
1363 2291 1410 2332 cst.

419 2424 458 2470 47.
474 2423 588 2472 Audiens
601 2427 688 2470 autem
701 2423 864 2485 Chilpericus
877 2422 965 2470 omnia
978 2422 1060 2479 mala,
1074 2438 1140 2485 quae
1154 2423 1266 2471 iaciebat
1278 2421 1416 2471 Leudastis
1430 2424 1515 2472 eccle·
1530 2443 1558 2482 30
1615 2409 1616 2424 ¹

253 2484 306 2531 Col.
323 2482 377 2532 260.
390 2485 436 2533 siis
452 2485 586 2532 Toronicis
604 2486 645 2532 vel
662 2485 732 2532 omni
744 2487 753 2544 ΙΙ
765 2484 876 2547 populo,
895 2483 1073 2532 Ansovaldum
1090 2485 1153 2531 illuc
1168 2483 1267 2548 dirigit.
1290 2485 1339 2541 Qui
1359 2484 1465 2534 veniens
1478 2487 1513 2533 ad

389 2548 558 2596 testivitatem
571 2548 653 2594 sancti
666 2547 784 2602 Martini,
803 2545 864 2594 data
877 2546 952 2593 nobis
966 2547 1064 2609 populo
1074 2547 1219 2610 optionem,
1232 2547 1375 2594 Eunomius
1390 2547 1512 2596 incomi-

388 2617 472 2659 tatum
484 2609 608 2672 crigitur.
615 2610 730 2672 Denique
743 2608 879 2655 Leudastis
894 2624 1002 2656 cernens
1016 2625 1043 2655 se
1054 2615 1195 2666 remotum,
1207 2609 1241 2656 ad
1251 2609 1429 2672 Chilpericum
1439 2611 1511 2658 dire-

388 2672 439 2736 git,
454 2673 557 2718 dicens:
572 2687 584 2717 a
599 2671 687 2734 Usque
704 2686 784 2726 nunc,
800 2687 814 2715 ο
832 2670 950 2732 piissime
967 2686 1024 2726 rex,
1042 2670 1171 2718 custodivi
1184 2671 1317 2719 'civitatem
1338 2671 1510 2729 Turonicam;

388 2751 456 2782 nune
474 2740 573 2788 autem,
588 2748 628 2780 me
641 2733 674 2779 ab
684 2732 785 2779 actione
795 2738 908 2787 remoto,
922 2731 994 2787 vide,
1007 2733 1120 2795 qualiter
1130 2733 1301 2780 custodiatur.
1316 2735 1382 2780 Nam
1394 2734 1510 2791 noveris,
1526 2752 1552 2790 ³5

350 2835 353 2842 .
367 2797 449 2860 ·,quia
462 2796 604 2858 Gregorius
617 2795 756 2857 episcopus
771 2809 829 2842 eam
842 2792 875 2840 ad
891 2793 975 2841 filiuni
992 2793 1144 2856 Sygiberthi
1160 2794 1263 2842 tradere
1277 2795 1393 2842 distinet.
1409 2795 1510 2853 »Quod

388 2859 496 2905 audiens
509 2874 561 2913 rex,
574 2857 611 2903 ait
624 2872 629 2902 ε
643 2874 654 2902 a
668 2857 845 2920 Nequaquam,
859 2855 904 2902 sed
917 2855 977 2920 quia
990 2863 1105 2903 remotus
1119 2872 1154 2913 es,
1169 2857 1227 2904 ideo
1239 2857 1303 2904 haec
1316 2857 1437 2920 adponis.
1451 2875 1463 2904 ii
1477 2859 1511 2906 Et

387 2920 449 2968 ille:
465 2935 477 2967 a
494 2919 608 2975 Maiora,
628 2918 725 2980 inquit,
744 2917 775 2964 de
796 2925 820 2964 te
842 2917 879 2965 ait
897 2919 1050 2981 episeopus;
1070 2917 1134 2966 dicit
1150 2919 1232 2976 enim,
1251 2919 1371 2982 reginam
1391 2926 1466 2968 tuam
1482 2920 1510 2970 in

388 2981 516 3029 adulterio
533 2997 592 3027 cuni
608 2977 731 3042 episeopo
752 2979 925 3027 Berthramno
947 2980 1059 3027 misceri.
1086 2997 1098 3026 ii
1122 2981 1193 3028 Tunc
1217 2980 1300 3028 iratus
1322 2997 1379 3039 rex,
1401 2998 1509 3030 caesuin

387 3043 484 3107 pugnis
497 3049 523 3090 et
532 3042 664 3098 calcibus,
679 3048 813 3088 oneratum
828 3043 896 3088 ferro
908 3042 1008 3089 recludi
1021 3043 1156 3105 praecepit
1167 3043 1193 3090 in
1207 3057 1318 3091 carcere.
1524 3061 1551 3099 ῃ)

418 3187 455 3232 te.
472 3184 522 3232 Sed
535 3183 597 3247 quia
608 3183 676 3230 liber
686 3183 764 3230 finem
777 3183 907 3244 postulat,
922 3199 1028 3230 narrare
1042 3183 1141 3246 aliquid
1154 3183 1185 3231 de
1200 3184 1255 3231 eius
1269 3184 1416 3234 actionibus
1429 3186 1495 3234 libet
1503 3202 1509 3242 ;

388 3245 433 3294 sed
471 3246 525 3292 rius
545 3246 649 3293 videtur
667 3260 750 3308 genus
774 3260 803 3290 ac
821 3243 936 3306 patriam
952 3261 1089 3308 moresque
1106 3246 1196 3293 ordiri.
1216 3245 1328 3296 Gracina
1346 3247 1511 3296 Pictavensis

386 3263 474 3356 insulis
487 3308 623 3363 vocitatur,
637 3307 728 3372 inqua
738 3322 753 3352 a
766 3306 863 3354 fiscalis
876 3305 997 3354 vinitoris
1011 3323 1085 3354 servo
1098 3307 1245 3356 Leuebadio
1260 3309 1364 3356 nomine
1381 3310 1510 3360 nascitur.

386 3369 484 3417 Exinde
506 3368 539 3415 ad
557 3369 692 3416 servitium
710 3367 865 3424 arcessitus,
884 3368 984 3416 colinas
1002 3385 1030 3415 re
1051 3369 1090 3415 iae
1103 3369 1252 3432 deputatur.
1276 3371 1326 3418 Sed
1345 3370 1408 3434 quia
1426 3371 1511 3434 lippis

386 3437 442 3478 erat
452 3432 477 3477 in
489 3430 663 3478 adolescentia
676 3431 773 3486 oeulis,
788 3431 883 3493 quibus
899 3431 963 3478 lumi
976 3385 1105 3478 acerbitas
1123 3448 1174 3480 non
1187 3433 1360 3494 congruebat,
1377 3439 1482 3482 amotus
1496 3451 1513 3482 a
1525 3445 1551 3484 tt

404 3493 499 3550 istillo,
520 3492 684 3554 promovitur
703 3493 735 3540 ad
756 3493 906 3555 cophinum.
933 3493 983 3539 Sed
1002 3493 1064 3540 dum
1083 3493 1152 3540 inter
1172 3495 1334 3542 firmentatas
1357 3511 1460 3544 massas
1482 3513 1512 3544 se

385 3509 509 3602 delectari
521 3553 690 3610 consimulat,
703 3555 840 3601 servitium
851 3555 940 3617 lugam
952 3555 1035 3602 iniens
1049 3555 1196 3619 dereliquit.
1209 3557 1325 3619 Cumque
1341 3557 1382 3605 bis
1396 3564 1442 3606 aut
1454 3565 1512 3606 ter-

385 3615 422 3664 tio
435 3616 557 3664 reduetus
570 3632 585 3662 a
597 3617 673 3678 iugae
686 3615 764 3679 lapsu
776 3617 858 3664 teneri
871 3633 921 3664 non
935 3617 1027 3679 possit,
1047 3618 1119 3666 auris
1136 3618 1213 3667 unius
1228 3619 1354 3667 incisione
1371 3620 1510 3670 multatur.

385 3677 483 3726 Dehinc
501 3694 561 3724 cum
580 3684 669 3724 notam
686 3677 813 3725 inflictam
830 3678 933 3741 corpori
952 3679 1068 3728 occulere
1084 3680 1158 3727 nulla
1175 3681 1329 3728 auctoritate
1346 3681 1459 3740 valeret,
1474 3683 1510 3732 ad

385 3739 716 3802 Marcoveifamreginam,
748 3757 809 3786 uam
818 3741 987 3788 Charibertus
998 3756 1043 3788 rex
1055 3741 1166 3789 nimium
1177 3742 1290 3805 diligens
1302 3743 1329 3790 in
1341 3743 1398 3790 loce
1408 3745 1551 3794 sororiseo
1615 3783 1616 3790 ,

384 3808 442 3850 tero
460 3802 620 3857 adsciverat,
637 3802 712 3864 fugit.
730 3757 803 3857 baec
818 3803 929 3850 libenter
946 3819 1005 3850 euni
1021 3803 1161 3866 colligens,
1181 3812 1309 3868 provocat
1329 3821 1510 3882 equorumque

384 3864 523 3912 meliorum
535 3864 644 3927 deputat
658 3879 715 3910 esse
732 3865 874 3912 custodem.
899 3865 964 3912 lline
977 3865 1029 3912 iam
1042 3865 1167 3913 obsessus
1187 3867 1302 3914 vanitate
1321 3883 1351 3914 uc
1369 3869 1512 3940 superbiae

384 3925 499 3984 deditus,
521 3927 675 3974 comitatum
694 3926 777 3973 ambit
794 3927 970 3982 stabulorum
991 3943 1042 3989 quo
1066 3935 1185 3990 accepto,
1207 3936 1314 3976 cunctos
1338 3929 1452 3992 despicit
1480 3947 1511 3978 ac

250 3984 304 4032 Col.
317 3984 370 4035 261.
383 3990 519 4062 postponit
519 4026 531 4098 t,
546 3989 652 4096 inllatulr
663 3990 673 4047 ll
685 3988 812 4044 vanitate,
826 3989 930 4096 luxurlile
943 3989 1260 4098 dllldvnurlcllpidlllbe
1272 3991 1508 4102 luceen‘lilussilln
1615 4049 1616 4054 ¹

383 4067 470 4100 causis
502 4066 743 4098 arenaeaumnus
780 4066 807 4096 ro
828 4065 882 4096 rius
920 4067 971 4097 uei
997 4067 1027 4097 uc
1048 4068 1079 4098 ue
1113 4067 1219 4100 cerur.
1255 4069 1314 4099 iiius
1346 4069 1375 4100 es
1405 4069 1449 4101 oi
1524 4065 1551 4101 ”5

383 4068 499 4162 retertui)
515 4112 629 4176 praedis,
651 4112 738 4158 locum
756 4065 844 4173 liisupm
865 4129 924 4160 cuin
946 4129 1006 4176 rege
1029 4068 1193 4172 llberiberto,
1218 4114 1314 4162 oblatis
1326 4069 1536 4174 pmuneribqisqo

383 4183 470 4224 tenere
483 4175 577 4238 coepit.
591 4176 653 4221 Post
665 4173 741 4230 haec,
775 4173 869 4220 creatis
883 4175 974 4237 populi
988 4175 1179 4239 ingruentibus,
1193 4192 1279 4223 comes
1298 4177 1411 4225 Turonis
1424 4177 1510 4227 desti-

383 4245 473 4297 natur;
487 4237 575 4299 ibique
589 4252 615 4284 se
629 4235 743 4297 amplius
755 4189 861 4283 honoris
875 4235 984 4298 gloriosi
998 4238 1139 4300 supercilio
1152 4237 1266 4297 iactitat,
1286 4238 1374 4302 ibique
1388 4255 1416 4288 se
1434 4241 1509 4289 exhi-
