3220 5158
350 408 380 454 52
634 402 791 454 Gaacoan
808 400 1015 452 TURONENSIS
1033 402 1183 452 EPISCOPI

348 535 527 612 emptoque
559 522 661 588 Paulo
686 520 825 602 comite,
857 520 1024 586 civitatem
1053 520 1216 586 obtenuit.
1243 523 1400 612 Magnum
1426 545 1464 586 ea

347 626 402 690 die
417 623 611 689 incendium
630 625 747 689 domus
765 621 927 689 ecclesiae
945 635 1155 689 concremata
1171 636 1232 688 est.

390 808 578 897 XIIII-(19).
599 806 657 872 His
676 807 722 872 ita
738 806 860 898 gestis,
885 805 973 873 inter
997 810 1144 874 Saxones
1172 820 1271 898 atque
1297 810 1464 875 Romanos

230 928 284 977 Col.
297 929 334 978 71.
347 912 472 978 bellum
495 909 639 1002 gelistum
664 923 733 991 est;
765 912 824 976 sed
850 912 998 977 Saxones
1022 923 1117 1002 terga
1133 923 1321 989 vertentes,
1342 911 1464 976 multos

346 1014 388 1078 de
407 1013 495 1093 suis,
515 1012 673 1080 Romanis
689 1011 965 1102 insequentibus,
988 1013 1100 1104 gladio
1122 1012 1346 1102 reliquerunt,
1371 1013 1491 1078 insu-a

345 1117 396 1182 lae
417 1140 530 1181 eornm
551 1140 624 1180 cum
652 1115 756 1180 multo
780 1115 905 1204 populo
924 1113 1127 1204 interempto
1148 1139 1166 1180 a
1187 1115 1325 1182 Francis
1347 1129 1463 1205 captae

346 1231 446 1308 atque
468 1220 645 1284 subversae
666 1229 754 1283 sunt.
776 1221 823 1282 Εο
844 1241 932 1282 anno
957 1216 1062 1282 mensi
1081 1241 1171 1282 nono
1197 1229 1287 1284 terra
1313 1217 1461 1284 tremuit.

347 1319 551 1386 Odovacrius
570 1344 644 1385 cum
665 1318 856 1385 Childerico
867 1318 983 1385 foedus
1001 1318 1094 1399 iniit,
1109 1319 1377 1410 Alamannosque
1388 1372 1396 1401 ,
1408 1319 1464 1410 qui

346 1416 475 1512 partem
493 1421 607 1488 ltaliae
625 1434 861 1511 pervaserant,
880 1421 1152 1512 subiugaverunt.

391 1609 449 1675 XV
468 1606 546 1695 (20).
571 1605 710 1671 Eoricus
730 1619 839 1671 autem
858 1605 1044 1672 Gothorum
1062 1629 1120 1670 rex
1139 1603 1322 1671 Victoriam
1343 1604 1462 1671 ducem
1477 1633 1503 1671 ιο

347 1733 447 1798 super
467 1720 594 1798 septem
615 1707 766 1775 civitates
781 1706 976 1797 praeposuit
994 1731 1082 1772 anno
1096 1719 1214 1796 quarto
1227 1706 1357 1773 decimo
1370 1708 1462 1799 regni

291 1821 293 1828 ’
346 1813 408 1877 sui.
442 1810 506 1894 Qui
529 1823 690 1900 protenus
724 1810 892 1875 Arvernus
917 1809 1117 1890 adveniens,
1149 1810 1316 1876 civitatem
1341 1812 1464 1876 addere

344 1911 469 1993 voluit,
488 1914 577 1990 unde
596 1926 629 1978 et
644 1912 788 2002 scriptae
804 1911 881 1977 illae
897 1937 1003 2001 usque
1020 1912 1122 1978 hodie
1136 1926 1297 2002 perstant.
1314 1913 1365 1978 Ad
1379 1915 1464 1980 basi·

345 2017 451 2081 lecam
474 2017 580 2081 sancti
601 2015 718 2080 luliani
745 2016 932 2096 colomnas,
958 2030 1139 2105 quaesunt
1160 2017 1195 2081 in
1214 2018 1295 2082 aede
1316 2015 1462 2106 positae,

346 2117 504 2184 exhibere
521 2117 628 2183 iussit.
641 2120 825 2184 basilecam
842 2119 948 2184 sancti
966 2117 1121 2183 Laurenti
1134 2132 1167 2183 et
1178 2122 1283 2184 sancti
1303 2120 1461 2187 Germani
1476 2145 1502 2184 15

346 2220 590 2287 Licaniacensis
614 2220 678 2286 vici
711 2220 809 2287 iussit
834 2219 1029 2286 aedifecare.
1059 2220 1135 2286 Fuit
1160 2233 1269 2286 autem
1293 2223 1461 2288 Arvernus

346 2323 441 2389 annis
461 2347 590 2387 novem.
609 2326 718 2411 Super
734 2321 927 2388 Euchirium
948 2347 1027 2388 vero
1046 2335 1233 2389 senatorem
1256 2323 1461 2414 calumpnias

345 2425 508 2506 devolvit3
540 2450 639 2515 quem
665 2425 700 2489 in
729 2449 861 2492 carcere
883 2425 1030 2515 positum
1059 2440 1157 2492 nocte
1187 2429 1316 2492 extrahi
1346 2427 1460 2507 iussit,

350 2528 563 2619 legatumque
577 2527 667 2592 iuxta
683 2528 843 2619 parietem
855 2528 1039 2619 antiquum,
1061 2527 1170 2618 ipsum
1186 2529 1346 2619 parietem
1363 2555 1464 2620 super

346 2654 419 2695 eum
438 2628 516 2696 elidi
529 2629 637 2695 iussit.
654 2630 721 2719 lpsi
739 2655 816 2695 vero
831 2631 910 2696 dum
922 2631 1060 2696 nimium
1074 2645 1164 2697 esset
1177 2631 1212 2696 in
1225 2657 1336 2698 amore
1347 2632 1461 2699 mulie·
1474 2660 1503 2697 ro

345 2755 417 2796 rum
433 2732 620 2796 luxoriosus
641 2744 674 2796 et
697 2733 737 2797 ab
756 2731 924 2797 Arvernos
942 2746 1112 2799 vereretur
1123 2733 1287 2813 interfeci,
1301 2736 1463 2818 R0[m]am

345 2832 488 2922 aufugit,
510 2832 624 2922 ibique
646 2833 787 2899 similem
809 2847 976 2924 temptans
998 2859 1152 2902 exercere
1178 2837 1355 2919 luxoriam,
1378 2839 1462 2928 lapi-

346 2934 444 3001 dibus
473 2946 525 3000 est
548 2938 698 3002 obrutus.
728 2940 810 3003 Post
832 2939 926 3004 cuius
949 2963 1120 3004 excessum
1146 2940 1296 3030 regnavit
1322 2941 1463 3007 Euricus

346 3060 433 3101 anno
453 3050 628 3126 quattuor3
657 3039 742 3104 obiit
763 3052 872 3105 autem
890 3063 977 3105 anno
1002 3040 1177 3106 vicinsimo
1203 3042 1345 3132 septimo
1367 3043 1464 3134 regni

347 3140 407 3204 sui.
424 3139 501 3205 Fuit
517 3141 616 3206 etiam
630 3153 752 3207 ettnnc
766 3154 875 3207 terrae
891 3155 1001 3209 motus
1020 3167 1171 3234 magnus.
1476 3173 1504 3210 ιι

376 3307 413 3353 21.
426 3305 551 3355 Defuncto
564 3315 650 3356 autem
662 3311 732 3374 apud
742 3312 874 3358 Arvernus
884 3311 1004 3359 Namatio
1018 3312 1154 3376 episcopo,
1168 3311 1313 3376 liparchius
1326 3311 1460 3371 successit,

345 3367 386 3440 vir
398 3369 580 3418 sanctissimus
593 3378 670 3435 atque
682 3373 831 3436 religiosus.
845 3374 876 3420 aa
885 3374 947 3437 quia
955 3390 984 3421 eo
992 3381 1109 3448 tempore
1122 3375 1231 3422 ecclesia
1242 3391 1351 3438 parvam
1361 3391 1464 3438 posses·

228 3431 282 3481 Col.
296 3433 334 3481 72.
346 3446 446 3478 saonem
456 3432 526 3479 intra
538 3449 625 3482 muros
637 3435 710 3482 urbis
721 3435 848 3492 babebat,
862 3436 914 3499 ipsi
928 3437 1056 3485 sacerdoti
1068 3437 1094 3484 in
1106 3437 1178 3501 ipso,
1192 3441 1201 3499 ΙΙ
1213 3437 1282 3501 quod
1300 3436 1376 3486 modo
1390 3437 1462 3486 salu-

344 3493 469 3542 tatorium
485 3494 589 3554 dicitur,
606 3497 706 3544 mansio
725 3504 795 3555 erat,
813 3505 890 3561 atque
903 3499 936 3546 ad
968 3500 1049 3546 ratias
1066 3499 1117 3547 Deo
1136 3506 1253 3563 tempora
1268 3506 1393 3548 nocturno
1406 3500 1463 3548 red·

345 3554 443 3628 dandas
456 3555 623 3606 adulterium
634 3516 1063 3623 ecclesiaeconsurgebat.l⁴¹actum
1073 3569 1112 3609 est
1122 3569 1217 3621 autem,
1229 3568 1338 3610 utnocte
1349 3563 1462 3627 quadam
1476 3581 1502 3619 ³0

344 3618 508 3690 ingrediens,
528 3621 634 3684 plenam
651 3622 788 3670 ecclesiam
800 3639 815 3669 a
831 3623 985 3672 demonibus
1003 3639 1049 3686 rep
1070 3625 1147 3672 eriret
1163 3624 1172 3670 i
1194 3641 1302 3688 sumque
1316 3625 1463 3690 principem

343 3696 371 3726 ιιι
382 3681 489 3728 modum
501 3689 607 3730 ornatae
618 3684 735 3732 mulieris
748 3685 775 3732 in
787 3685 874 3733 throni
887 3685 958 3734 illius
969 3641 1093 3733 cathedra
1106 3702 1162 3734 rcse
1182 3694 1273 3734 entem.
1289 3687 1335 3735 Cui
1349 3689 1386 3736 ait
1396 3704 1463 3762 pon·

343 3742 423 3815 tilexp
438 3744 478 3793 «0
491 3747 613 3793 meretrix
625 3748 775 3806 execranda,
785 3763 836 3796 non
844 3749 942 3798 sufficit
950 3749 999 3796 tibi
1008 3749 1066 3796 loca
1077 3756 1169 3797 cuncta
1179 3750 1260 3798 variis
1272 3750 1462 3813 pollutionibus

343 3805 463 3863 rutecrre,
482 3807 567 3854 adbuc
586 3815 611 3856 et
629 3810 779 3858 cathedram
791 3826 807 3857 a
819 3810 929 3858 Domino
946 3818 1124 3859 consecratam
1144 3812 1240 3860 foetida
1257 3813 1381 3860 sessionis
1400 3819 1461 3860 tuae

344 3868 492 3939 accessione
504 3869 656 3933 coinquinas
666 3874 675 3917 i
686 3872 801 3920 Abscede
814 3889 830 3920 a
841 3873 919 3921 domo
927 3873 986 3930 Dei,
1000 3889 1031 3920 ne
1042 3890 1057 3920 a
1066 3880 1091 3921 te
1104 3874 1217 3946 amplius
1228 3875 1370 3938 polluatur.
1385 3891 1397 3922 a
1413 3875 1461 3922 Cui
1474 3891 1500 3932 35

343 3936 398 4002 arti
413 3946 424 3977 a
438 3930 470 4004 lit
479 3931 541 3994 quia
553 3932 617 3980 mihi
627 3935 771 3982 meretricis
783 3951 877 3983 nomen
886 3936 1012 4000 imponis,
1025 3936 1121 3984 multas
1134 3937 1182 3984 nbi
1194 3938 1294 4000 parabo
1305 3937 1414 3985 insidias
1427 3938 1461 3985 ob

343 3989 473 4040 desideria
492 3993 639 4043 mulierum.
659 3997 721 4044 »Et
740 3997 804 4044 hacc
825 3998 926 4056 dicens,
948 3999 1014 4045 sicut
1034 4000 1121 4046 fumus
1142 3999 1255 4046 evanuit.
1279 4000 1461 4048 Verumtamen

344 4055 465 4102 sacerdos
475 4062 617 4120 temptatus
630 4065 670 4106 est
676 4075 723 4121 per
731 4062 931 4108 commotionem
939 4061 1057 4125 corporis
1070 4078 1085 4108 n
1094 4061 1304 4124 concupiscentia
1311 4080 1316 4120 ;
1327 4063 1372 4110 sed
1385 4063 1461 4125 siguo

343 4117 428 4189 crucis
442 4125 546 4167 sanctae
559 4121 673 4168 munitus
681 4156 687 4178 ,
702 4121 767 4169 nihil
778 4123 802 4170 ei
815 4123 937 4170 inimicus
952 4139 1044 4171 nocere
1056 4125 1150 4188 potnit.
1161 4124 1258 4172 Ferunt
1267 4125 1359 4182 etiam,
1372 4125 1461 4188 ipsum

343 4195 370 4225 ιιι
383 4195 441 4228 arce
454 4180 640 4230 Cantobennici
653 4183 746 4231 montis
760 4185 950 4234 monasterinm
959 4187 1114 4242 collocasse,
1126 4186 1170 4234 ubi
1182 4202 1250 4234 nunc
1260 4188 1404 4236 oratorium
1412 4195 1459 4247 cst,
1475 4206 1501 4246 ιο

343 4248 369 4288 et
380 4241 417 4289 ibi
431 4259 458 4291 se
470 4243 562 4292 diebus
570 4245 786 4356 quadragesimas
795 4255 899 4296 sanctae
909 4249 1055 4307 recludere;
1065 4249 1201 4298 dicantem
1211 4265 1306 4298 coenae
1316 4251 1461 4300 dominicae

344 4320 403 4351 cum
416 4321 510 4370 magno
523 4323 572 4370 psa
595 4308 676 4368 ontio,
691 4310 875 4359 comitantibus
893 4311 994 4360 clericis
1007 4311 1172 4375 civibusque,
1187 4313 1220 4361 ad
1237 4314 1374 4362 ecclesiam
1386 4330 1461 4363 suam
