3238 5140
370 413 399 458 16
653 407 810 458 Guroouu
827 406 1034 457 TURONENSIS
1053 409 1204 458 EPISCOPI

370 528 432 598 bus
445 527 583 606 liberat,
600 525 680 590 dum
699 525 870 614 laeprosos
894 524 1076 591 miserabili
1096 539 1272 616 turpentes
1296 538 1370 593 cute
1386 527 1484 593 refor-

370 631 556 710 mat;.haec
580 628 658 693 dum
686 627 749 692 alia
768 626 862 719 signa
885 628 988 692 multa
1009 628 1135 694 faciens
1158 628 1430 694 manifestissime
1452 655 1485 694 se

370 736 476 798 Deum
501 731 634 820 populis
655 755 728 795 esse
759 729 923 809 declarat,
952 730 987 794 in
1017 732 1148 797 ludaeis
1179 731 1228 796 ira
1258 732 1483 810 succenditur,

369 833 492 900 invidia
509 833 705 925 exagitatur,
725 856 764 896 ac
787 856 880 896 meus
900 832 942 897 de
962 833 1124 924 sanguine
1150 836 1354 923 profetarum
1373 847 1483 924 pasta,

369 949 405 1001 ut
426 935 548 1001 iustum
572 934 753 1015 interimat,
782 933 925 999 iniustae
959 935 1104 1001 molitur.
1139 939 1240 1028 Ergo,
1270 949 1307 1002 ut
1334 949 1511 1002 veterume

368 1052 477 1104 vatum
494 1037 742 1127 complerentur
758 1037 911 1117 oracula,
934 1060 952 1100 a
971 1037 1139 1126 discipulo
1158 1040 1313 1120 traditur,
1331 1065 1349 1104 a
1371 1051 1485 1128 ponte·

369 1140 497 1206 fecibus
517 1139 651 1229 iniquae
665 1140 920 1220 condemnatur,
939 1164 955 1203 a
974 1139 1105 1205 ludaeis
1125 1140 1302 1223 inluditur,
1326 1167 1400 1207 cum
1421 1140 1484 1205 iui-

369 1243 443 1334 quis
459 1241 676 1332 crucifigitur,
699 1267 717 1306 a
735 1240 916 1322 militibus,
935 1241 1057 1307 amisso
1082 1241 1221 1330 spiritu,
1240 1242 1439 1309 custoditur.
1458 1241 1471 1334 ll

370 1345 428 1411 His
448 1345 551 1436 igitur
568 1343 668 1425 actis,
687 1346 845 1409 tenebrae
866 1368 967 1433 super
984 1345 1176 1410 universum
1201 1347 1362 1414 mundum
1380 1346 1484 1410 factae

368 1461 462 1528 sunt,
489 1446 640 1513 etmulti
669 1446 819 1512 conversi
848 1445 1125 1537 ingemiscentes,
1155 1452 1263 1514 lesum
1291 1449 1395 1513 lilium
1423 1445 1482 1512 Dei
1501 1473 1525 1512 ro

368 1549 511 1618 confessi
528 1562 616 1614 sunt.

394 1729 396 1732 ¹
411 1737 497 1801 XXI.
520 1733 779 1822 Adpraehensus
796 1743 905 1796 autem
921 1743 954 1796 et
967 1734 1100 1820 loseph,
1119 1733 1175 1821 qui
1187 1758 1262 1799 eum
1281 1731 1483 1798 aromatibus

368 1837 538 1903 conditum
556 1835 592 1900 in
609 1859 668 1899 suo
684 1846 900 1899 monumento
921 1833 1130 1916 recondidit,
1154 1835 1189 1900 in
1206 1836 1359 1901 cellolam
1380 1835 1483 1900 reclu-

367 1938 458 2005 ditur
474 1951 508 2004 et
531 1939 571 2002 ab
589 1937 671 2026 ipsis
693 1937 902 2001 sacerdotum
928 1935 1137 2025 principibus
1162 1937 1361 2017 custoditur,
1381 1937 1484 2002 maio-

367 2064 436 2106 rem
451 2040 486 2105 in
501 2065 576 2104 eum
593 2038 706 2104 odium
723 2039 885 2103 habentes
911 2036 1097 2120 saeviciam,
1117 2051 1154 2103 ut
1170 2042 1303 2104 Testam
1325 2039 1423 2106 Pilati
1443 2040 1482 2104 ad
1500 2065 1525 2104 n

368 2143 537 2209 Tiberium
573 2141 808 2230 imperatorem
842 2139 942 2204 missa
974 2141 1142 2222 referunt,
1176 2166 1274 2231 quarn
1306 2141 1342 2206 in
1374 2140 1482 2231 ipsum

368 2245 563 2325 Dominum,
585 2256 621 2309 ut
636 2268 711 2309 cum
725 2242 781 2307 ille
796 2267 813 2306 a
831 2241 1010 2323 militibus,
1025 2242 1082 2308 hic
1097 2245 1138 2308 ab
1152 2242 1235 2331 ipsis
1252 2243 1482 2310 sacerdotibus

368 2347 602 2414 custodiretur.
637 2346 703 2412 Sed
727 2343 914 2435 resurgenti
942 2344 1100 2424 Domino,
1126 2345 1322 2412 custodibus
1355 2345 1481 2412 visione

368 2449 517 2540 angelica
542 2447 679 2528 territis,
711 2471 784 2512 eum
816 2471 881 2510 nou
914 2447 1120 2512 inveniretur
1149 2447 1184 2513 in
1210 2449 1348 2528 tumolo,
1385 2461 1482 2514 nocte

367 2553 511 2643 parietes
526 2553 568 2617 de
588 2550 721 2629 cellola,
741 2549 775 2614 in
793 2573 857 2638 qua
877 2552 997 2638 loseph
1019 2553 1208 2630 tenebatur,
1233 2553 1483 2640 suspenduntur
1496 2575 1524 2614 ao
1586 2577 1587 2597 ¹

367 2655 401 2719 in
422 2653 581 2732 sublime,
602 2652 667 2742 ipsi
686 2676 765 2717 vero
785 2651 827 2715 de
844 2651 1012 2734 custodia,
1038 2653 1223 2717 absolventi
1242 2655 1378 2744 angelo,
1396 2654 1481 2718 libe-

367 2759 513 2836 rabatur,
533 2753 716 2845 parietibus
733 2752 897 2818 restitutis
917 2752 952 2816 in
972 2754 1081 2819 locum
1101 2779 1207 2820 suum.
1229 2757 1378 2844 Cumque
1396 2780 1482 2844 pon-

366 2860 489 2926 tefeces
523 2857 719 2923 custodibus
754 2857 995 2945 exprobrarent
1027 2869 1061 2920 et
1097 2869 1248 2922 sanctum
1286 2880 1407 2946 corpus
1441 2859 1483 2922 ab

367 2962 493 3026 eisdem
510 2960 674 3024 instanter
691 2957 912 3047 inquirerent,
932 2958 1050 3023 dicunt
1068 2960 1116 3023 eis
1130 2957 1253 3024 milites
1269 2986 1276 3023 :
1291 2985 1308 3022 u
1321 2958 1483 3025 Reddites

250 3087 303 3136 Cor.
316 3090 353 3138 19.
380 3061 393 3153 ll
413 3087 472 3128 vos
494 3063 635 3151 loseph,
665 3073 699 3125 et
725 3085 785 3124 nos
813 3059 983 3125 reddimus
1010 3059 1197 3140 Christum;
1223 3061 1281 3125 sed
1309 3072 1346 3123 ut
1368 3083 1525 3126 verumrs

366 3164 590 3256 agnoscimus,
612 3188 720 3252 neque
737 3186 795 3227 vos
815 3163 1060 3228 benefactorem
1083 3162 1145 3228 Dei
1166 3187 1276 3252 neque
1296 3187 1357 3226 nos
1378 3162 1482 3228 filium

366 3266 428 3331 Dei
448 3267 588 3332 reddere
605 3264 838 3330 nouvalemus.
863 3291 879 3327 n
900 3267 992 3330 Tunc
1010 3264 1077 3330 illis
1096 3264 1264 3344 confusis,
1280 3263 1403 3329 milites
1421 3268 1484 3330 sub

365 3369 428 3433 hac
441 3366 653 3433 excusatione
670 3366 869 3432 liberantur.

409 3551 512 3614 XXII.
532 3551 651 3614 Fertur
670 3549 809 3614 lacobus
825 3548 1008 3636 apostolus,
1029 3547 1186 3613 cum'iam
1198 3548 1378 3614 Dominum
1395 3573 1485 3615 mor·

366 3661 457 3717 tuum
478 3649 616 3715 vidisset
628 3649 663 3714 in
682 3673 797 3729 cruce,
816 3650 1000 3715 detestasse
1019 3662 1117 3738 atque
1135 3648 1278 3732 iurasse,
1302 3676 1483 3741 numquam
1500 3681 1529 3718 ao

366 3777 400 3818 se
413 3776 621 3817 comesurum
635 3775 767 3841 panem,
787 3751 851 3815 nisi
872 3750 1051 3817 Dominum
1070 3764 1223 3817 cerneret
1238 3765 1480 3842 resurgentem.

365 3853 476 3920 Tertia
495 3855 628 3919 demum
650 3854 704 3919 die
733 3854 866 3919 rediens
894 3854 1069 3932 Dominus,
1095 3853 1237 3944 spoliato
1261 3869 1386 3921 tartaro
1407 3880 1484 3922 cum

364 3959 586 4046 triumphum,
612 3959 733 4022 laoobo
761 3981 795 4022 se
822 3958 1003 4023 ostendens
1029 3956 1075 4022 ait
1106 3983 1112 4021 :
1142 3985 1158 4019 «
1189 3960 1314 4050 Surge,
1342 3961 1482 4040 Iacobo,

364 4060 517 4140 comede,
539 4059 616 4149 quia
638 4059 703 4124 iam
724 4083 741 4124 a
764 4058 904 4124 mortuis
924 4058 1100 4125 resurrexi.
1131 4085 1147 4121 n
1179 4058 1239 4124 Hic
1266 4073 1317 4124 est
1339 4063 1482 4126 lacobus

363 4164 481 4244 fustus,
500 4188 599 4252 quem
609 4161 893 4228 fratrem-Domini
906 4174 1111 4251 nuncopant,
1125 4186 1186 4251 pro
1202 4186 1241 4227 eo
1253 4163 1343 4252 quod
1355 4165 1479 4252 loseph
1501 4193 1531 4234 as

363 4263 462 4330 inerit
480 4265 566 4330 filius
584 4289 623 4330 ex
641 4264 703 4330 alia
723 4290 825 4332 uxore
845 4263 1054 4356 progenitus.
