3238 5140
399 438 563 488 lllS'l'OlllAE
581 437 781 488 Falncoaum
798 437 895 486 LIBER
912 438 932 485 1.
1198 438 1227 485 19

117 557 279 620 Romanae
298 555 438 620 eclesiae
453 555 515 620 fuit
532 556 710 645 episcopus
728 555 857 644 passus.
880 547 921 619 Et
934 566 1068 618 sanctus
1083 556 1227 642 Symeon

117 657 424 722 Hierusolimitanus
459 657 649 747 episeopus,
680 659 841 747 Cheuphc
875 657 981 736 filius,
1012 680 1072 743 pro
1103 655 1228 722 Christi

118 760 246 823 nomine
269 758 445 825 crucifixus
468 759 638 839 asseritur,
663 773 696 824 ct
720 759 868 849 ignatius
891 757 1128 824 Anthiocensis
1162 757 1229 847 epi-

117 885 234 950 scopus
253 865 376 928 Romae
397 863 532 935 duetuS,
558 862 675 926 bisteis
697 863 895 950 deputatur.¹
908 865 994 954 Haec
1016 863 1077 926 sub
1098 861 1230 926 Traiani

92 963 321 1052 stemporibns
339 977 411 1029 acta
427 978 514 1029 sunt.
660 956 662 960 ¹
1076 959 1077 962 ¹

148 1187 182 1232 28.
202 1186 264 1234 Post
275 1185 345 1232 hunc
358 1184 447 1232 Helius
458 1185 587 1232 Adrianus
600 1185 743 1249 imperator
755 1190 857 1232 creatus
870 1191 917 1232 est.
935 1183 1008 1232 Unde
1019 1191 1046 1231 et
1058 1183 1233 1231 hierusolima

119 1248 189 1295 Helia
202 1248 235 1294 ab
248 1247 322 1296 Helio
332 1247 445 1295 Adriano
458 1253 574 1304 vocatur,
592 1263 740 1295 successore
753 1247 904 1302 Domiciani
925 1263 954 1294 eo
972 1246 1040 1309 quod
1054 1263 1112 1294 eam
1124 1263 1232 1309 repara-

119 1310 189 1356 verit.
202 1311 264 1357 Post
276 1310 324 1356 has
337 1325 398 1356 vero
408 1310 544 1372 passiones
558 1317 707 1357 sanctorum
720 1326 771 1358 non
784 1310 833 1368 fuit
847 1309 910 1356 satis
923 1309 991 1373 parti
1005 1309 1130 1356 adversae
1143 1315 1233 1370 gentes

120 1371 263 1420 incredulas
276 1379 367 1418 contra
383 1371 547 1419 christicolas
567 1373 706 1428 excitasse,
725 1373 775 1420 nisi
792 1379 966 1420 commoveret
978 1378 1003 1418 et
1019 1372 1046 1418 in
1062 1371 1129 1444 ipsis
1142 1371 1234 1418 Chris·

79 1453 105 1490 10
118 1435 195 1481 tinnis
208 1434 326 1481 sciamus.
341 1433 459 1481 Concitet
472 1436 589 1490 hereses,
604 1441 628 1482 et
640 1434 725 1482 divisa
736 1435 800 1482 fides
816 1433 944 1482 catholica
957 1433 1032 1480 aliter
1043 1435 1119 1480 ahter
1139 1449 1169 1479 ue
1179 1433 1234 1480 dis-

47 1516 50 1524 ·
120 1497 220 1544 seritur.
241 1497 307 1544 Nam
329 1497 377 1543 sub
394 1497 515 1543 Antonini
527 1499 537 1556 ll
549 1497 658 1559 imperio
679 1495 867 1545 Marcionitana
884 1503 909 1544 et
927 1496 1110 1543 Valentiniana
1150 1511 1235 1543 ereses
1246 1495 1301 1545 Col,
1314 1495 1352 1541 22,

119 1560 210 1606 insana
227 1558 352 1616 surrexit;
377 1565 402 1605 et
417 1559 532 1622 Iustinus
551 1559 725 1622 philosophus
744 1566 804 1623 post
821 1559 933 1622 scriptos
949 1558 1092 1606 catholicae
1112 1558 1236 1606 ecclesiae

120 1621 199 1668 libros
211 1621 336 1684 martyrio
349 1637 396 1684 pro
410 1619 507 1667 Christi
520 1621 622 1670 nomine
635 1627 782 1678 coronatur.
801 1623 830 1669 In
846 1621 908 1668 Asia
925 1628 1024 1677 autem,
1043 1627 1100 1667 orta
1112 1637 1240 1683 persecu-‚

119 1684 200 1740 tione,
215 1683 383 1730 beatissimus
397 1683 563 1746 Policarpus,
582 1683 705 1732 Iohannis
720 1685 832 1746 apostoli
846 1690 873 1730 et
888 1683 1064 1746 euangelistae
1076 1682 1235 1746 discipulus,

79 1765 106 1803 15,
120 1745 291 1808 octoginsimo
308 1746 400 1792 aetatis
417 1761 479 1792 suae
496 1761 563 1792 anno
582 1747 654 1794 velut
675 1746 874 1794 holochaustum
911 1745 1062 1792 urissimum
1082 1761 1128 1808 per
1149 1745 1237 1808 ignem

120 1808 228 1854 Domino
246 1815 421 1854 consecratur.
439 1807 489 1854 Sed
508 1808 576 1854 etin
593 1808 690 1856 Galleis
708 1809 784 1856 multi
803 1825 851 1872 pro
871 1763 968 1855 Christi
987 1808 1090 1854 nomine
1112 1815 1172 1854 sunt
1191 1823 1238 1870 per

120 1876 188 1918 mart
205 1869 273 1916 rium
291 1869 402 1932 gemmis
419 1869 575 1918 caelestibus
596 1871 725 1926 coronati;
743 1887 854 1934 quorum
870 1870 1007 1934 passiones
1025 1869 1150 1918 historiae
1167 1869 1237 1934 apud

121 1949 167 1978 nos
183 1886 296 1980 ddcliter
308 1949 390 1996 usque
402 1932 479 1980 hodia
489 1931 641 1981 retinentur.

153 2100 190 2146 29.
208 2099 245 2146 Ex
258 2099 352 2162 quibus
366 2105 391 2147 et
400 2099 444 2147 ille
454 2100 555 2163 primus
564 2099 743 2163 Lugdunensis
757 2100 880 2147 eeclesiae
890 2100 1016 2147 Photinus
1030 2099 1168 2163 episcopus
1182 2099 1239 2156 fuit,

77 2177 107 2215 ρο
140 2161 166 2207 ui
176 2161 270 2224 plenus
281 2161 382 2208 dierum
391 2163 502 2210 diversis
512 2162 629 2211 adlectus
642 2162 788 2225 suppliciis,
797 2179 845 2225 pro
858 2162 955 2209 Christi
967 2163 1071 2210 nomine
1083 2179 1178 2225 passus
1192 2169 1239 2210 est.

121 2179 294 2271 beatissimus
307 2239 368 2271 vero
381 2224 519 2282 Hireneus,
534 2225 611 2272 huius
625 2241 761 2272 successor
772 2224 908 2286 martyris,
923 2224 966 2288 qui
981 2241 996 2272 a
1013 2225 1088 2272 beato
1101 2225 1239 2286 Policarpo

122 2287 155 2334 ad
165 2286 233 2333 hanc
245 2287 337 2333 urbem
346 2286 460 2334 directus
472 2294 519 2345 est,
531 2287 680 2334 admirabili
689 2288 784 2334 virtute
797 2288 890 2334 enituit
896 2303 902 2344 ;
911 2287 955 2351 qui
968 2287 994 2333 in
1008 2286 1103 2334 modici
1115 2287 1240 2349 temporis

123 2347 209 2411 spatio
222 2348 414 2411 praedicatione
427 2365 475 2396 suu
487 2350 596 2398 maxime
611 2350 637 2396 in
648 2350 700 2396 inte
721 2366 780 2396 rum
792 2350 929 2397 civitatem.
936 2347 1049 2398 reddidit
1061 2349 1238 2396 christianam.

122 2411 173 2458 Sed
188 2411 305 2458 veniente
315 2412 503 2473 perseeutione,
514 2412 578 2459 talia
589 2411 687 2458 ibidem
699 2367 822 2458 diabulus
835 2411 964 2520 bellaper
978 2417 1119 2474 tyrannum
1129 2411 1242 2458 exercuit

78 2490 106 2528 2³5
122 2480 147 2520 ct
159 2478 234 2520 tanta
245 2473 282 2519 ibi
297 2472 436 2520 multitudo
454 2473 663 2522 Christianorum
679 2475 711 2520 ob
731 2475 892 2522 confessione
928 2473 1053 2522 ominicae
1073 2472 1185 2520 nominis
1203 2479 1242 2520 est

123 2533 256 2597 iugulata,
271 2541 300 2582 ut
317 2549 364 2598 per
378 2536 479 2599 plateas
494 2536 602 2597 flumina
618 2543 752 2583 currerent
768 2536 799 2582 de
815 2536 941 2598 sanguine
958 2535 1113 2593 ehristiano;
1132 2551 1242 2600 quorum

123 2613 171 2644 nec
184 2613 322 2645 numerum
339 2613 385 2644 nec
403 2591 509 2646 nomina
525 2600 653 2662 collegere
691 2598 817 2654 emimus,
835 2599 958 2645 Dominus
976 2599 1045 2645 enim
1066 2613 1109 2645 eos
1128 2598 1155 2645 in
1174 2598 1243 2644 libro

122 2659 194 2708 vitae
204 2659 369 2723 conscripsit.
383 2659 492 2708 Beatum
502 2661 660 2708 Hircnaeum
671 2615 782 2708 diversis
795 2661 826 2706 in·
836 2677 883 2708 sua
893 2661 1008 2707 carnifex
1018 2661 1167 2723 praesentia
1177 2675 1241 2723 poe-

124 2723 166 2768 nis
177 2721 310 2770 adiectum
324 2721 428 2769 Christo
440 2723 545 2770 domino
558 2739 605 2796 per
615 2724 770 2786 martyrium
782 2721 919 2770 dedicavit.
934 2724 996 2770 Post
1008 2722 1076 2769 hune
1093 2729 1118 2769 et
1129 2724 1159 2769 48
1172 2737 1243 2768 mar-

81 2799 108 2838 ³⁰
123 2792 196 2848 tyrcs
209 2785 287 2848 passi*
297 2790 365 2842 sunt,
380 2801 410 2832 ex
424 2785 518 2848 quibus
531 2801 646 2850 primum
659 2785 739 2834 luisse
756 2785 868 2848 legimus
881 2785 997 2832 Vectium
1009 2786 1164 2848 Epagatum.
1189 2834 1191 2841 ,

171 2967 307 3034 XXVIII
333 2964 410 3054 (30).
444 2970 513 3034 Sub
544 2969 649 3033 Decio
681 2992 759 3033 vcro
792 2969 992 3056 imperatore
1025 2969 1126 3032 multa
1159 2970 1245 3033 bella

126 3067 303 3134 adversum
326 3069 688 3134 nomen-christianum
709 3069 915 3149 exoriuntur,
942 3081 974 3133 et
1000 3083 1091 3134 tanta
1119 3082 1246 3160 strages

125 3169 410 3236 decredentibus
433 3172 513 3253 luit,
539 3185 576 3237 ut
603 3198 664 3237 nce
688 3197 862 3236 numerare
890 3185 1044 3260 quaeant.
1075 3172 1246 3238 Babillas¹

127 3269 311 3360 episcopus
327 3273 556 3339 Antiochenus
578 3300 652 3339 cum
670 3273 778 3338 tribus
792 3275 971 3362 parvolis2,
990 3273 1090 3339 idest
1108 3276 1248 3356 Urbani,

85 3395 112 3434 aa
128 3372 294 3439 Prilidani
312 3389 345 3441 et
363 3377 505 3465 Epeion,
520 3390 553 3441 et
570 3381 693 3464 Xystus
708 3379 875 3442 Romanae
897 3375 1037 3440 eclesiae
1054 3377 1247 3466 episeopus,

130 3487 163 3540 ct
188 3475 201 3566 Η
228 3478 424 3544 Laurentius
450 3479 705 3544 archidiaconus
735 3491 769 3542 c't
795 3477 994 3566 Hyppolitus
1019 3480 1062 3542 ob
1084 3479 1372 3544 Dominici001·‘2³·

130 3577 279 3644 nominis
325 3582 534 3647 consessione
574 3607 634 3671 per
676 3579 867 3668 martyrium
907 3581 1127 3646 consummati
1160 3596 1248 3647 sunt.

130 3680 387 3749 Valentinianus
410 3696 443 3748 et
457 3684 659 3751 Novatianus
676 3684 835 3747 maximae
851 3694 931 3746 tunc
952 3683 1092 3747 heretici
1113 3708 1253 3773 quorum

132 3780 324 3870 principes,
347 3798 462 3849 contra
484 3785 584 3850 fidem
610 3799 757 3850 nostram
787 3783 924 3848 inimico
949 3785 1143 3873 inpellenti,
1166 3811 1256 3876 gras·

91 3896 264 3949 assantur.
304 3885 407 3951 Huius
436 3899 586 3977 tempore
612 3900 740 3976 septem
768 3885 829 3952 viri
855 3887 1004 3975 episcopi
1041 3886 1185 3951 ordinati
1216 3888 1256 3952 ad

135 3985 399 4076 praedicandum
419 3989 453 4054 in
469 3991 621 4056 Galleis3
641 3991 734 4054 missi
753 4000 850 4069 sunt,
871 3989 956 4054 sicut
974 3988 1113 4053 historia
1134 3989 1258 4077 passio·¹

174 4315 197 4366 1.
211 4321 281 4367 Corr.
296 4317 423 4367 Babillus.
439 4347 468 4354 -
480 4319 503 4366 2.
519 4321 589 4367 Corr.
604 4317 722 4383 parvulis
745 4343 776 4355 -
789 4319 810 4366 3.
827 4321 894 4366 Corr.
912 4317 1014 4373 Galliis,
