3256 5144
341 491 343 496 ,
374 427 420 481 us
662 433 819 486 sansoni
837 423 1045 484 tunonensis
1062 395 1213 480 ariscon

257 755 361 803 Fuso.
444 746 604 811 INCIPIT
629 745 758 810 LIBER
782 745 985 827 QUINTUS.
1012 743 1252 808 FELICITER.
1281 739 1414 807 AMEN.

237 1039 292 1087 col.
303 1040 356 1091 199.
414 1018 532 1086 Taedit
550 1043 601 1083 rne
617 1018 781 1084 bellorum
798 1016 944 1084 civilium
966 1016 1182 1094 diversitatis,
1205 1040 1269 1106 que
1285 1018 1492 1082 Francorum

322 1151 325 1159 ¹
367 1135 502 1213 gentem
517 1133 550 1186 et
567 1145 706 1213 regnum
723 1120 819 1186 valde
830 1133 1018 1210 proterunt,
1038 1141 1234 1198 memorare3
1251 1118 1285 1183 in
1301 1144 1381 1208 quo,
1399 1117 1492 1208 quod

367 1225 463 1314 peius
483 1237 550 1305 est,
578 1238 730 1313 tempore
753 1223 837 1289 illud
857 1223 948 1313 quod
973 1224 1136 1289 Dominus
1157 1221 1198 1286 de
1221 1222 1375 1287 dolorum
1392 1245 1522 1310 prae-5

303 1395 307 1402 ,
368 1325 453 1394 dixit
471 1325 602 1392 initium
619 1326 770 1392 videmus
786 1328 795 1371 ¹
818 1352 824 1390 :
850 1327 1024 1416 Consurgit
1035 1319 1134 1414 'pater
1151 1330 1183 1389 in
1198 1324 1327 1410 filiam,
1347 1324 1440 1410 filius
1457 1328 1492 1386 in

360 1444 507 1520 patrem,
521 1430 631 1520 frater
648 1435 681 1493 in
693 1431 849 1521 fratrem,
865 1434 1039 1518 proximus
1055 1434 1087 1494 in
1101 1433 1326 1517 propiaquant
1337 1427 1361 1490 ².
1383 1427 1492 1492 Debe-

368 1534 450 1598 bunt
469 1531 557 1596 enim
583 1555 640 1596 eos
660 1531 811 1619 exempla
835 1530 1038 1596 anteriorum
1057 1556 1173 1621 regum
1196 1543 1343 1607 terrere,
1361 1528 1438 1618 qui,
1455 1541 1494 1592 ut

368 1634 481 1713 divisi,
500 1635 610 1699 statim
631 1636 672 1700 ab
688 1635 833 1700 inimicis
849 1647 926 1700 sunt
947 1635 1151 1722 interempti.
1177 1633 1341 1716 Quotiens
1366 1630 1493 1720 etipsa

368 1739 448 1802 urbs
475 1735 605 1804 urbium
637 1750 670 1802 et
694 1739 796 1802 totius
821 1736 936 1801 mundi
958 1737 1083 1827 capud,
1109 1737 1229 1828 ingens
1250 1734 1338 1799 bella
1363 1732 1490 1813 civilia,
1511 1757 1538 1796 10

367 1838 487 1918 diruit3
519 1863 603 1929 quae
632 1852 803 1919 cessante,
833 1863 964 1905 rursum
996 1840 1092 1929 quasi
1132 1863 1173 1904 ex
1200 1839 1302 1903 humo
1332 1837 1489 1902 surrexit.

367 1941 501 2008 Utinam
526 1955 559 2006 et
581 1965 657 2020 vos,
679 1966 698 2006 o
724 1965 837 2032 reges,
860 1940 895 2005 in
920 1941 972 2006 his
1001 1939 1147 2030 proelia,
1171 1939 1204 2006 in
1226 1939 1350 2029 quibus
1368 1963 1493 2029 paren-

367 2057 418 2110 tes
457 2044 560 2110 vestri
588 2044 852 2123 desudaverunt,
893 2042 1106 2122 exercimini,
1156 2056 1192 2108 ut
1228 2055 1347 2133 gentes
1387 2043 1493 2107 vestri

367 2147 442 2237 paci
466 2145 679 2226 conterritae,
714 2147 833 2211 vestris
861 2145 988 2211 viribus
1020 2145 1291 2235 praemerentur!
1320 2145 1492 2211 Recorda-

368 2248 468 2328 miui,
504 2247 585 2337 quid
627 2247 735 2337 capud
770 2248 984 2314 victoriarum
1013 2259 1196 2313 vestrarum
1231 2247 1492 2340 Chlodovechus
1512 2274 1537 2312 is
1610 2321 1611 2340 χ

367 2348 503 2430 fecerit,
532 2349 589 2440 qui
611 2350 767 2415 adversos
793 2375 889 2442 reges
910 2348 1086 2430 interficit,
1108 2351 1221 2414 noxias
1242 2363 1361 2441 gentes
1380 2352 1489 2430 elisit,

232 2473 285 2523 Col.
302 2475 347 2522 200
367 2455 491 2543 patrias
509 2453 718 2543 subiugavit,
736 2477 875 2542 quarum
896 2477 1036 2544 regnum
1060 2451 1167 2543 vollbis
1195 2451 1362 2543 integrum
1382 2452 1491 2519 inlae-

368 2579 507 2647 sumque
528 2555 678 2646 reliquit!
701 2557 742 2621 Et
767 2579 841 2621 cum
870 2558 934 2621 hoe
955 2555 1096 2634 faceret,
1112 2579 1220 2645 neque
1239 2579 1354 2621 aurum
1379 2581 1491 2648 neque

368 2670 552 2749 argentum,
583 2657 670 2721 sicut
703 2680 791 2722 nunc
822 2656 931 2722 estin
963 2655 1129 2722 thesauris
1160 2657 1290 2737 vestris,
1327 2659 1486 2724 habebat.

368 2759 457 2846 Quid
480 2757 600 2850 agitis?
628 2756 716 2842 Quid
740 2757 922 2848 quaeritis?
954 2759 1042 2844 Quid
1077 2781 1144 2824 nou
1173 2760 1430 2826 habundantes?
1450 2764 1535 2827 Inao

368 2861 522 2927 domibus
552 2859 690 2925 militiae
721 2874 996 2950 supercrescunt,
1031 2863 1066 2926 in
1091 2861 1329 2951 prumptuariis
1355 2865 1487 2946 viuum,

367 2963 515 3030 triticum
547 2962 724 3051 oleumque
757 2963 934 3042 redundat,
971 2962 1005 3028 in
1035 2964 1202 3029 thesauris
1238 2987 1353 3030 aurum
1388 2979 1489 3057 atquc

367 3078 541 3156 argentum
555 3078 779 3131 coacervatur.
800 3067 909 3132 Unum
929 3067 1023 3131 vobis
1043 3067 1154 3146 deest,
1177 3067 1267 3157 quod
1284 3091 1399 3156 pacem
1420 3092 1487 3135 non

367 3169 547 3249 habentes,
576 3169 639 3234 Dei
668 3169 809 3258 gratiam
838 3166 1010 3259 indigetis,
1038 3173 1132 3254 Quur
1158 3192 1244 3236 unus
1269 3170 1365 3236 tollet
1390 3171 1488 3237 alteri

339 3331 341 3338 ,
367 3273 485 3337 suum?
503 3275 596 3356 Quur
615 3270 699 3337 alter
713 3272 922 3360 concupiscit
938 3270 1104 3338 alienum?
1122 3274 1242 3338 Cavete
1258 3271 1329 3353 iIIo,
1347 3297 1484 3362 quaeso,
1502 3303 1531 3340 ss

367 3373 534 3463 apostoli:
557 3375 595 3438 Si
607 3375 649 3438 ab
668 3379 801 3438 invicem
820 3376 974 3439 mordetis
993 3390 1024 3440 et
1038 3376 1220 3454 comeditis,
1241 3376 1362 3454 videte,
1385 3401 1425 3441 ne
1444 3380 1487 3442 ab

366 3481 499 3541 invicem
532 3478 835 3541 consummamini&
875 3477 1077 3544 Scrutamini
1117 3477 1298 3568 diligenter
1334 3491 1486 3544 veterum

367 3577 503 3658 scribta,
525 3592 558 3644 et
578 3577 735 3644 videbitis
756 3579 837 3668 quid
858 3577 966 3645 civilia
988 3580 1076 3645 boIIa
1095 3580 1293 3671 parturiant.
1313 3580 1487 3671 Requirite

366 3681 447 3772 quid
472 3682 514 3747 de
537 3680 859 3771 Chartagincnsihus
882 3681 1006 3747 scribat
1025 3682 1200 3764 Horosius,
1221 3683 1290 3772 qui,
1313 3707 1387 3748 cum
1409 3698 1488 3773 post

366 3783 598 3875 septingentos
617 3807 721 3848 annos
742 3786 933 3849 subversam
956 3783 1046 3850 dicat
1066 3785 1234 3852 civitatem
1254 3799 1287 3850 et
1312 3787 1484 3878 regionem
1500 3815 1528 3852 so

366 3909 493 3966 eorum,
511 3885 661 3952 addidit:
686 3887 780 3973 Quae
797 3913 850 3952 res
867 3912 938 3952 eam
956 3889 1082 3952 tamdiu
1103 3893 1270 3954 servavit?
1287 3889 1483 3954 Concordia.

367 3989 462 4077 Quae
498 4014 551 4054 res
576 4011 648 4054 earn
676 4004 751 4078 post
780 4003 875 4052 tanta
903 3992 1059 4054 distruxit
1088 3995 1260 4079 tempora?
1294 3992 1481 4056 Discordia.

212 4097 265 4146 G⁰¹·
280 4097 333 4148 2⁰1·
366 4093 487 4158 Cavete
499 4091 712 4170 discordiam,
726 4103 838 4155 cavete
852 4091 943 4156 beIIa
961 4087 1082 4172 civilia,
1097 4116 1161 4184 qua
1171 4115 1229 4158 vos
1241 4093 1485 4185 popusslumque

397 4309 419 4361 I.
439 4313 475 4360 CI.
491 4312 582 4360 Matth.
594 4313 637 4371 2¹1,
648 4313 671 4359 8.
686 4337 715 4350 -
731 4313 752 4360 2.
772 4311 1015 4368 Matth.10‚2t.-
1031 4316 1053 4362 3.
1073 4315 1131 4364 Gal.
1145 4317 1171 4372 5,
1188 4313 1224 4362 Ia.
