3238 5140
376 447 405 492 20
660 440 818 492 GREGORII
836 437 1044 489 TURONENSIS
1063 437 1214 487 EPISCOPI

375 562 428 627 nis
457 563 563 628 sancti
598 558 750 648 martyris
781 555 953 624 Saturnini
979 556 1146 621 denarrat.
1182 554 1238 620 Ait
1269 555 1358 618 euim
1390 580 1396 618 :
1423 555 1487 620 Sub

373 665 473 730 Decio
492 679 523 729 et
555 665 659 730 Grato
688 660 908 739 censalibusl,
936 664 1021 724 sieut
1048 658 1142 744 fideli
1168 659 1392 722 recordationi.
1411 672 1487 722 rete-

374 780 470 831 netur
481 767 505 846 2,
532 771 680 856 primum
708 788 748 826 cc
773 786 936 828 summum
978 761 1163 826 Tholosene
1196 765 1309 826 civitas
1339 774 1486 824 sanctum

373 868 594 933 Saturninum
630 867 751 956 habere
783 877 935 952 coeperat
965 863 1179 926 sacerdotem.
1207 863 1261 929 Hii
1290 886 1370 952 ergo
1396 861 1486 926 missi

374 982 452 1034 sunt
478 996 485 1034 :
517 955 691 1036 Toronicii
716 966 879 1032 Catinus3
904 964 1102 1054 episcopus,
1130 963 1383 1030 Arelatensihus
1409 965 1511 1028 Tro-⁵

372 1072 506 1161 phimus
538 1072 729 1162 episcopus,
758 1069 936 1136 Narbonae
973 1068 1094 1132 Paulus
1124 1069 1316 1157 episcopus,
1348 1065 1486 1131 Tolosae

373 1173 572 1239 Saturninus
589 1173 780 1263 episcopus,
796 1169 973 1237 Parisiacis
984 1167 1156 1234 Dionisius
1171 1169 1361 1258 episcopus,
1373 1169 1487 1233 Arver-

371 1273 423 1338 nis
444 1275 653 1341 Stremonius
671 1274 866 1363 episcopus',
889 1271 1120 1337 Lemovioinus
1135 1271 1302 1338 Marcialis
1321 1283 1372 1335 est
1393 1271 1486 1336 disti-

370 1389 467 1442 natus
486 1378 675 1467 episcopus.
704 1379 754 1442 De
779 1375 831 1441 his
853 1399 932 1440 vero
954 1376 1071 1441 beatus
1095 1373 1268 1442 Dionisius
1288 1373 1486 1438 Parisiorum

370 1479 569 1568 episcopus,
599 1477 740 1544 diversis
766 1502 827 1566 pro
861 1476 987 1542 Christi
1015 1476 1149 1541 nomine
1181 1476 1331 1541 adfectus
1352 1475 1527 1563 poenis,1o

371 1595 583 1670 praesentem
595 1581 696 1647 vitam
714 1579 827 1672 gladio
840 1578 1027 1643 imminenti
1043 1579 1160 1643 linivit.
1180 1576 1380 1645 Saturninus
1396 1602 1484 1658 vero,

368 1681 434 1747 iam
460 1708 597 1748 securus
624 1682 665 1748 de
692 1681 867 1769 martyrio,
895 1680 979 1745 dicit
1005 1681 1136 1746 duobus
1161 1678 1360 1769 presbiteris
1390 1679 1484 1744 suis:

370 1811 387 1847 a
409 1787 495 1850 Eece
513 1808 576 1876 ego
591 1784 656 1849 iam
676 1783 830 1848 immolor
848 1795 881 1848 et
891 1794 1022 1871 tempus
1034 1807 1126 1848 meae
1143 1781 1357 1846 resolutionis
1373 1779 1483 1846 instat.

370 1889 481 1977 Rogo,
512 1899 563 1967 ut,
592 1887 697 1976 usque
724 1887 802 1950 dum
827 1884 977 1951 debitum
1003 1885 1102 1950 finem
1132 1883 1307 1974 impleam,
1345 1908 1363 1948 a
1395 1885 1487 1950 vobis

367 1988 501 2076 penitus
524 2014 591 2055 non
611 1989 792 2078 relinquar.
820 2015 837 2050 »
864 1989 1013 2077 Cumque
1039 1989 1311 2076 conpraehensus
1332 1987 1372 2050 ad
1396 1987 1484 2076 capi·
1500 2014 1525 2052 15

367 2089 484 2154 tolium
508 2090 716 2169 duceriturl,
735 2089 870 2154 relictus
893 2092 935 2155 ab
952 2089 1023 2169 his,
1048 2089 1138 2154 solus
1159 2088 1356 2155 adtrahitur.
1382 2089 1486 2180 igitur

368 2216 486 2258 cumse
505 2194 546 2257 ab
564 2193 631 2258 illis
647 2204 799 2258 cerneret
814 2191 1028 2276 derelictum,
1050 2216 1162 2258 orasse
1175 2193 1279 2256 fertur
1293 2218 1299 2254 :
1315 2218 1332 2254 «
1345 2191 1486 2257 Domine

368 2296 442 2360 lesu
466 2295 591 2361 Christi
604 2297 628 2375 5,
651 2295 769 2360 exaudi
794 2320 845 2359 me
866 2295 907 2359 de
933 2295 1026 2359 caelo
1049 2307 1125 2374 tuo,
1148 2307 1186 2359 ut
1203 2317 1382 2383 numquam
1404 2295 1485 2358 haec

248 2411 302 2460 Fut.
317 2412 354 2459 rt.
367 2397 488 2462 eclesia
521 2398 563 2462 de
587 2397 640 2462 his
665 2397 793 2463 civibus
823 2409 988 2463 mereatur
1012 2397 1421 2488 haherellpontefecem6
1452 2396 1485 2461 in

366 2499 616 2589 sempiternum.
632 2501 759 2584 »Quod
773 2525 879 2588 usque
894 2524 983 2565 nune
998 2499 1032 2563 in
1044 2499 1116 2588 ipsa
1128 2498 1260 2563 civitate
1274 2498 1320 2563 ita
1335 2498 1484 2564 evenisse
1500 2525 1528 2562 eo

366 2600 594 2692 cognovimus.
618 2600 677 2666 Ille
696 2626 775 2667 vero
797 2601 883 2666 tauri
906 2598 1046 2666 furentis
1069 2599 1219 2691 vestigiis
1245 2600 1406 2691 allegatus
1420 2599 1434 2644 ⁷
1449 2624 1487 2664 ac

366 2702 407 2767 de
432 2701 623 2792 capitolium
650 2702 907 2792 praecipitatus,
933 2701 1033 2767 vitam
1060 2700 1179 2766 finivit.
1205 2701 1365 2768 Gatianus
1393 2726 1484 2781 vero,

367 2804 567 2893 Trophimus
597 2806 874 2895 stremoniusque
898 2819 931 2870 et
957 2806 1078 2871 Paulus
1111 2815 1211 2894 atque
1234 2804 1418 2886 Marcialis,
1451 2805 1486 2869 in

248 2927 302 2975 Col.
317 2929 354 2976 rt.
368 2930 493 2970 summa
516 2905 693 2972 sanctitate·
720 2906 885 2987 viventeS,
910 2901 1201 2997 adquaesilltores'8
1217 2906 1357 2972 eclesiae
1378 2931 1486 2996 popu·

367 3008 416 3072 los
437 3032 474 3073 ae
494 3008 594 3074 iidem
614 3009 739 3075 Christi
763 3034 824 3097 per
844 3009 999 3074 omnihus
1022 3009 1211 3089 dilatatam,
1236 3008 1332 3074 felice
1353 3009 1486 3075 confes·
1501 3036 1531 3076 25

367 3107 460 3174 sione
483 3110 677 3202 migrarunt.
706 3114 747 3176 Et
770 3110 817 3176 sic
837 3124 903 3175 tam
921 3111 1004 3177 istae
1025 3135 1086 3201 per
1105 3110 1298 3200 martyrium
1319 3135 1418 3201 quam
1437 3110 1486 3176 h'ii

366 3237 426 3300 per
443 3213 686 3279 confessionem
705 3215 933 3304 relinquentes
949 3227 1074 3295 terras,
1092 3215 1126 3279 in
1140 3213 1342 3281 caelestibus
1359 3213 1488 3304 pariter

367 3328 446 3380 sunt
463 3330 645 3381 con1unct1.

395 3498 433 3544 al.
452 3497 487 3545 De
500 3497 594 3545 horum
606 3514 666 3546 vero
676 3495 814 3562 discipulis
831 3499 938 3562 quidam
950 3498 1080 3547 Bituricus
1093 3498 1226 3548 civitatem
1238 3499 1393 3562 adgressus,
1411 3499 1487 3548 salu-

365 3565 420 3608 tare
433 3560 561 3618 omnium,
576 3560 710 3608 Christum
723 3561 859 3609 dominum
875 3560 980 3624 populis
994 3560 1132 3609 nuntiavit.
1146 3562 1183 3608 Ex
1198 3562 1239 3609 his
1257 3578 1319 3626 ergo
1330 3563 1407 3626 pauci
1438 3579 1489 3610 uo·
1506 3578 1536 3615 3⁰

365 3621 426 3668 dam
438 3622 516 3670 modo
528 3622 670 3679 credentes,
682 3623 769 3670 clerici
783 3623 910 3680 ordinati,
924 3624 1004 3670 ritum
1016 3623 1146 3686 psallendi
1160 3624 1229 3672 susci
1250 3624 1319 3682 iunt,
1333 3579 1490 3688 etqualiter

365 3683 503 3732 ecclesiam
526 3691 679 3734 construant
697 3687 739 3732 vel
763 3686 933 3749 omnipotenti
954 3686 1005 3734 Deo
1029 3686 1165 3734 sollemnia
1186 3641 1335 3735 caelebrare
1358 3686 1487 3745 debeant,

364 3746 516 3796 inbuuntur.
533 3746 583 3794 Sed
599 3747 654 3794 illis
686 3764 778 3796 arvam
791 3747 875 3796 adhue
892 3747 1046 3796 aedificandi
1059 3749 1209 3796 facultatem
1225 3748 1395 3806 habentibus,
1414 3749 1488 3798 cives

364 3809 500 3856 cuiusdam
520 3810 639 3866 domum,
663 3764 694 3858 de
709 3827 761 3874 qua
777 3810 915 3859 ecelesiam
937 3811 1046 3865 iaciant,
1066 3815 1195 3874 expetunt.
1215 3811 1353 3860 Senatores
1366 3827 1428 3860 vero
1442 3813 1487 3860 vel

364 3871 458 3934 reliqui
471 3871 591 3920 meliores
604 3872 654 3919 loci
668 3873 788 3920 fanaticis
802 3880 876 3920 erant
886 3880 948 3921 tunc
963 3873 1078 3921 cultibus
1091 3872 1214 3936 obligati;
1232 3875 1276 3936 qui
1290 3891 1353 3922 vero
1365 3874 1487 3922 credide·
1505 3891 1536 3930 35

363 3939 422 3980 rant
434 3949 464 3980 ex
476 3934 636 3997 pauperibus
647 3941 729 3991 erant,
742 3935 815 3983 iuxta
824 3932 890 3982 illud
902 3935 1004 3983 Domini
1017 3935 1085 3999 quod
1098 3934 1200 3982 Iudaeis
1211 3937 1359 3999 exprobrat,
1373 3936 1462 3984 dicens
1479 3953 1485 3984 :

365 3994 431 4058 Quia
443 3996 585 4044 meretrices
596 4001 621 4044 et
628 3996 928 4061 publicanipraecedunt
939 4015 982 4044 eos
992 3997 1017 4044 in
1026 4013 1103 4062 regno
1113 3997 1159 4045 Dei
1171 3999 1188 4046 ¹.
1202 3999 1234 4046 Hi
1247 4015 1308 4048 vero
1316 4035 1322 4058 ,
1330 4015 1382 4047 non
1390 4000 1488 4048 obten-

393 4189 415 4237 l.
441 4194 510 4239 Corr.
538 4192 690 4240 oonsulibus
723 4219 755 4229 -
777 4193 800 4240 2.
830 4195 899 4240 Corr.
926 4193 1060 4242 retinetur.
1086 4220 1117 4230 -
1143 4196 1165 4242 ³.
1194 4197 1263 4243 Corr.
1289 4193 1424 4243 Gatianus.
1444 4221 1486 4238 ,-

361 4254 384 4299 li.
403 4255 472 4301 Corr.
488 4253 633 4302 duceretur.
651 4281 681 4290 -
698 4257 720 4302 5.
740 4257 811 4303 Corr.
828 4254 940 4302 Christe.
959 4283 988 4292 -
1004 4257 1027 4304 6.
1048 4259 1116 4305 Corr.
1137 4257 1300 4320 pontiseram.
1319 4283 1349 4294 -
1366 4259 1387 4304 7.
1409 4261 1482 4310 Corr.

362 4315 494 4380 alligatus.
512 4343 543 4354 -
560 4319 581 4364 8.
602 4320 671 4366 Corr.
691 4315 876 4383 adquisitores.
