3188 5166
382 497 411 543 70
664 493 821 545 GREGORH
840 493 1048 544 TURONENSIS
1066 495 1215 545 EPISCOPI

380 612 567 676 ambularet
591 625 684 678 recto
718 613 820 678 corde
851 632 961 678 coram
995 638 1035 680 eo
1059 625 1093 680 et
1114 613 1239 679 faceret
1261 637 1346 703 quae
1380 614 1499 704 placita

382 726 476 779 eraut
493 713 526 780 in
543 713 649 780 oculis
667 713 748 781 eius.

426 897 517 962 XXX
544 895 621 984 (41).
652 897 734 962 Post
759 897 842 962 haec
877 897 919 962 ad
944 896 1160 964 Chararicum
1188 896 1322 988 diriget.
1360 899 1502 982 Quando

383 1009 493 1064 autem
519 1023 595 1064 cum
617 996 749 1088 Siagrio
773 997 950 1090 pugnavit,
978 999 1034 1064 hic
1059 999 1260 1066 chararicus
1284 1011 1444 1065 evocatus
1464 1001 1504 1066 ad

384 1100 543 1174 solacium
579 1100 820 1180 Chlodovecbi,
846 1102 977 1168 eminus
1001 1102 1111 1181 stetit,
1129 1113 1313 1190 neutraque
1342 1100 1527 1168 adiuvansa

384 1215 497 1291 parte;
514 1203 574 1268 sed
589 1215 743 1268 eventum
758 1205 808 1268 rei
827 1217 1027 1292 expectans,
1046 1216 1084 1269 ut
1102 1202 1156 1268 cui
1176 1206 1325 1270 eveniret
1342 1203 1503 1284 victuris,

385 1331 459 1372 cum
474 1306 533 1374 illo
550 1319 584 1370 et
600 1306 656 1372 hic
671 1304 856 1372 amiciciam
874 1305 1078 1396 conlegaret.
1093 1306 1147 1370 Ob
1157 1305 1243 1372 hanc
1262 1329 1396 1372 causam
1408 1307 1506 1373 Chlo·

383 1410 553 1476 dovechus
568 1407 749 1499 indignans
772 1420 888 1473 contra
906 1431 981 1473 eum
998 1407 1091 1474 abiit.
1113 1411 1221 1492 Quem
1240 1409 1506 1474 circumventum

384 1511 470 1578 dolis
490 1511 603 1601 coepit
626 1535 701 1576 cum
725 1509 794 1576 filio
815 1511 1012 1601 vinctosque
1032 1511 1195 1592 totondit;
1229 1522 1263 1576 et
1290 1513 1508 1578 Cbararicum

385 1615 520 1704 quidem
533 1613 771 1704 presbiterum,
788 1613 857 1678 lilio
868 1637 947 1679 vero
960 1613 1031 1679 eius
1040 1613 1219 1680 diaconum
1230 1613 1388 1680 ordinare
1398 1616 1504 1680 iubet.
1523 1640 1543 1678 ro

265 1729 372 1777 Col-98·
385 1717 548 1808 Cumllque
570 1717 769 1784 Chararicus
795 1717 837 1781 de
862 1713 1050 1781 humilitate
1076 1739 1135 1782 sua
1162 1717 1377 1805 conquireret
1398 1730 1433 1782 et
1451 1715 1508 1782 fle-

385 1834 453 1906 ret,
477 1819 657 1886 filiuseius
685 1815 811 1884 dixisse
835 1818 940 1882 fertur
970 1844 977 1882 z
1011 1844 1028 1880 a
1049 1820 1086 1883 ln
1107 1819 1230 1898 viride,
1258 1817 1386 1908 inquit,
1415 1820 1509 1910 ligno

385 1925 468 1989 heae
485 1922 620 1988 frondes
638 1920 770 1987 occisae
783 1932 876 1998 sunt,
894 1944 956 1986 uec
975 1921 1112 1986 omnino
1135 1932 1310 2001 arescunt,
1333 1921 1393 1986 sed
1418 1922 1509 1987 velo·
1578 1957 1579 1960 ¹

386 2025 470 2090 citer
487 2035 676 2115 emergent,
701 2037 737 2088 ut
756 2047 907 2089 crescere
930 2035 1094 2112 quaeant3
1118 2022 1244 2088 utinam
1262 2036 1330 2089 tam
1348 2024 1511 2090 velociter

386 2127 444 2216 qui
465 2125 548 2192 haec
574 2125 654 2192 lecit
679 2127 839 2192 intereat!
868 2150 884 2186 u
912 2125 1010 2209 Quod
1036 2126 1174 2192 verbum
1201 2127 1315 2192 sonuit
1341 2128 1377 2192 in
1412 2152 1510 2193 aures
1526 2152 1546 2188 rs

388 2227 628 2309 Chlodovechi,
653 2229 743 2319 quod
766 2227 896 2295 scilicet
923 2229 1130 2294 minarentur
1157 2227 1222 2294 sibi
1249 2231 1431 2294 caesariem
1468 2230 1510 2294 ad

388 2330 606 2396 crescendum
628 2331 738 2395 laxare
756 2329 933 2419 ipsumque
955 2330 1166 2395 interfecere.
1193 2329 1237 2394 At
1255 2329 1312 2395 ille
1333 2331 1432 2396 iussit
1452 2357 1511 2396 eos

386 2432 514 2522 pariter
528 2431 636 2520 capite
655 2434 770 2522 plecti.
798 2433 928 2516 Quibus
949 2433 1109 2512 mortuis,
1137 2457 1276 2523 reguum
1297 2457 1412 2499 eorum
1434 2459 1512 2499 cum

388 2532 555 2600 thesauris
575 2547 608 2598 et
627 2534 752 2625 populo
771 2523 989 2623 adquaesivit.
1580 2535 1581 2538 ’

330 2779 332 2788 ,
366 2795 368 2802 ⁴
434 2721 539 2786 XXXI
573 2719 650 2807 (42).
683 2721 900 2782 Erat‘autem
932 2730 1012 2782 tunc
1045 2715 1295 2808 Ragnacharius
1328 2741 1385 2781 rex
1421 2719 1513 2808 apud
1527 2746 1551 2782 n

392 2826 606 2890 Camaracum
625 2834 692 2886 tam
710 2819 845 2885 effrenis
863 2820 898 2884 in
924 2819 1071 2898 luxoria,
1096 2831 1134 2884 ut
1156 2819 1211 2884 vix
1232 2819 1284 2885 vel
1310 2820 1513 2908 propinquis

391 2923 528 3014 quidem
547 2923 743 3014 parentibus
760 2921 961 3013 indulgeret.
986 2925 1017 2987 Is
1037 2922 1183 2986 habebat
1202 2925 1382 2987 Farronem
1405 2922 1513 2987 cousi-

391 3025 523 3092 liarium
539 3024 646 3090 simile
662 3024 828 3116 spurcicia
842 3024 1059 3102 lutulentum,
1078 3024 1119 3090 de
1137 3048 1203 3113 quo
1221 3024 1338 3104 lertu'r,
1359 3048 1434 3089 cum
1452 3024 1513 3089 ali·

393 3129 474 3220 quid
494 3141 551 3194 aut
568 3129 635 3194 cibi
660 3140 717 3194 aut
735 3128 883 3192 muneris
902 3127 954 3192 vel
979 3124 1158 3191 cuiuslibet
1182 3127 1231 3192 rei
1262 3127 1333 3217 regi
1365 3126 1514 3192 adlatum

394 3232 526 3312 fuisset,
548 3227 660 3297 dicere
678 3229 830 3308 solitum,
852 3228 916 3293 boc
937 3225 1000 3293 sibi
1021 3250 1147 3317 suoque
1167 3227 1315 3292 Farrone
1337 3225 1512 3294 suffecere.
1529 3255 1555 3293 ss

394 3339 459 3402 Pro
479 3358 544 3425 qua
563 3358 598 3398 re
617 3329 736 3398 Franci
760 3331 899 3394 maxima
920 3327 1155 3420 indignatione
1181 3330 1366 3394 tumebant.
1387 3328 1400 3420 [l
1416 3331 1516 3398 Unde

394 3439 595 3518 factumest,
611 3448 663 3514 ut,
685 3431 771 3498 datis
792 3433 900 3497 aureis
926 3431 994 3495 sive
1012 3429 1151 3495 armillis
1166 3431 1218 3496 vel
1237 3432 1397 3514 baltheis,
1416 3433 1516 3520 Chlo-

396 3539 581 3620 dovecbus,
600 3537 659 3603 sed
678 3548 783 3601 totum
804 3533 1026 3608 adsimilatum
1040 3559 1119 3600 auro
1135 3547 1259 3598 —erat
1274 3534 1362 3599 enim
1381 3559 1516 3600 aereum

396 3645 590 3709 deauratum
609 3638 767 3705 subdolo
786 3638 908 3703 factum
925 3638 1065 3701 -haec
1081 3635 1175 3702 dedit
1195 3636 1350 3702 leudibus
1370 3635 1459 3716 eius,
1481 3652 1518 3704 ut

397 3768 587 3836 supereum
605 3741 810 3807 invitaretur.
831 3743 935 3806 Porro
950 3764 1024 3805 cum
1042 3737 1188 3805 exercito
1205 3752 1320 3805 contra
1335 3764 1411 3805 eum
1428 3765 1517 3806 com·
1531 3768 1557 3805 ao

396 3847 596 3930 movissent,
615 3858 647 3909 et
662 3843 718 3908 ille
734 3843 961 3932 speculatores
976 3843 1172 3933 plerumque
1187 3842 1229 3908 ad
1241 3843 1517 3933 cognoscendum

396 3950 656 4029 transmitteret,
692 3945 833 4012 reversis
863 3945 1005 4030 nuntiis,
1039 3945 1241 4036 interrogat,
1276 3969 1375 4034 quam
1406 3945 1520 4011 valida

398 4057 480 4120 haec
498 4054 584 4119 foret
602 4075 730 4117 manus.
754 4048 818 4136 Qui
848 4048 1120 4140 responderuntz
1143 4076 1159 4111 a
1186 4047 1260 4114 Tibi
1290 4060 1417 4137 tuoque
1441 4049 1519 4114 Far-

398 4155 471 4223 roni
488 4169 538 4221 est
552 4153 730 4220 maximum
749 4151 1021 4242 supplimentum.
1043 4177 1060 4213 »
1079 4150 1226 4218 Veniens
1244 4163 1354 4214 autem
1371 4149 1520 4215 Chlodo·

396 4259 539 4338 vechus,
572 4256 696 4323 bellum
731 4267 847 4321 eontra
882 4278 957 4319 eum
995 4252 1142 4318 instruit.
1179 4253 1224 4317 At
1255 4251 1311 4316 ille
1349 4251 1521 4317 devictum
1535 4281 1560 4318 as

398 4386 539 4429 cernens
557 4359 738 4427 exercitum
759 4383 872 4438 suum,
893 4358 971 4448 fuga
990 4356 1058 4422 labi
1080 4369 1191 4447 parat,
1217 4356 1276 4421 sed
1301 4356 1343 4420 ab
1368 4355 1521 4422 exercitu
