3238 5140
432 499 597 550 HISTORIAE
617 495 817 546 Fuaucouuu
833 497 929 548 LlBER
946 498 965 545 11
1225 496 1253 544 11

141 631 211 684 tum
230 603 371 683 Hebraei
386 616 575 694 tendentes,
598 638 703 703 usque
720 613 828 702 ipsum
847 637 935 678 mare
949 624 1123 692 venerunt,
1138 611 1254 676 inven-

141 720 251 810 tisque
270 719 424 784 dulcibus
440 717 546 808 aquis,
564 715 787 782 castrametati
810 730 897 782 sunt.
917 719 954 780 lu
970 717 1035 781 hoc
1052 739 1132 804 ergo
1149 726 1254 778 artum

1 851 2 906 l
140 823 251 888 locum
278 834 343 887 tam
371 823 413 886 ab
440 819 569 885 herimo
598 843 695 908 quam
727 821 768 884 ab
795 819 995 908 ipso-mare
1016 817 1253 894 consederunt,

1 913 3 1020 l
142 925 229 990 sicut
246 924 407 990 scribtum
424 935 475 989 est
497 950 503 987 :
530 923 677 987 Attalicos
699 924 849 1002 Pharao,
870 922 959 1012 quod
979 921 1188 987 conclusisset
1202 945 1256 984 eos

112 1057 126 1095 5
141 1053 235 1094 marc
248 1043 347 1118 atque
364 1029 544 1105 desertum,
564 1051 621 1090 nec
641 1040 723 1090 esset
739 1030 784 1090 cis
804 1031 869 1104 via,
884 1051 949 1115 per
962 1049 1030 1114 quo
1042 1028 1170 1114 possint
1181 1047 1255 1112 per·

137 1157 236 1222 gere,
254 1131 300 1194 cd
315 1129 576 1220 persequendum
597 1153 650 1192 cos
672 1128 787 1194 dirixit
801 1128 822 1192 ¹.
847 1129 996 1216 Cumque
1014 1124 1256 1191 inminentibus

141 1235 195 1300 his
210 1233 317 1322 Moysi
343 1233 487 1322 populus
510 1231 745 1311 adclamasset,
766 1231 949 1296 secundum
973 1230 1099 1296 iussum
1125 1226 1255 1294 Divini-

141 1336 220 1402 tatis
237 1335 419 1424 proiectam
440 1334 566 1424 virgam
590 1358 690 1423 super
712 1357 820 1414 mare,
842 1332 983 1398 divisum
1008 1329 1106 1422 est,=l}
1123 1330 1256 1419 illisque
1268 1348 1323 1396 Fot.
1337 1349 1371 1397 8.

141 1465 203 1530 per
220 1439 344 1504 siccum
363 1435 594 1529 gradientibus
612 1449 657 1516 ct,
670 1449 707 1500 ut
722 1436 895 1526 Scriptura
912 1435 958 1500 ait
968 1437 993 1515 ²,
1011 1458 1140 1500 murum
1156 1457 1256 1522 aqua·
1363 1435 1365 1439 ’

101 1567 127 1608 1⁰
144 1565 216 1606 rum
236 1540 384 1630 undique
399 1537 545 1620 vallatis,
565 1539 599 1604 in
623 1538 701 1604 litus
718 1539 800 1603 illud
823 1539 912 1628 quod
935 1550 986 1602 est
1011 1549 1127 1602 contra
1151 1535 1256 1601 monti

142 1642 222 1711 Sina
235 1643 334 1708 inlesi
355 1667 505 1731 prursus,
525 1642 679 1706 dimersis
698 1640 891 1732 AegyptiiS,
918 1639 1025 1728 Moysi
1044 1640 1128 1704 duce
1152 1651 1258 1702 trans·

139 1745 350 1835 grediuntur.
371 1747 421 1810 Dc
442 1769 507 1834 quo
524 1743 665 1808 transitu
682 1744 800 1823 multa,
826 1756 862 1808 ut
885 1741 966 1822 dixi,
986 1755 1178 1820 narrantum
1199 1740 1258 1804 scd

140 1872 203 1912 nos
230 1847 320 1937 quod
345 1871 364 1912 a
390 1847 597 1936 sapientibus
629 1859 662 1912 et
689 1859 779 1912 certe
808 1845 874 1911 illis
899 1845 1105 1925 homiuibus,
1136 1843 1192 1932 qui
1223 1843 1256 1907 in

140 1951 258 2016 eodem
280 1933 390 2016 lbcum
410 1963 638 2030 accesserant,
659 1975 773 2015 verum
792 1949 1027 2040 cognovimus,
1048 1971 1086 2013 ea
1108 1946 1257 2014 inserere

97 2080 124 2118 rs
141 2051 329 2118 studuimus
344 2051 497 2142 paginae.
513 2050 617 2116 Aiunt
640 2051 738 2116 etiam
756 2053 879 2132 sulcos,
897 2075 980 2140 quos
997 2061 1088 2114 rotae
1102 2072 1257 2113 curruum

140 2156 307 2234 fecerant,
324 2179 431 2244 usque
449 2153 550 2219 hodie
568 2178 764 2243 permanere
786 2167 834 2233 et,
853 2166 1014 2243 quantum
1033 2151 1120 2218 acies
1143 2151 1257 2216 oculo-

140 2281 213 2322 rum
244 2256 350 2322 videri
379 2269 505 2345 potest,
533 2256 567 2320 iu
586 2257 758 2344 profundo
785 2255 887 2321 cerni.
918 2259 1008 2340 Quos
1038 2255 1066 2318 si
1090 2254 1256 2320 modicum

141 2358 321 2429 commotio
341 2359 439 2424 maris
454 2359 630 2437 obtexerit,
653 2358 710 2423 illo
727 2357 930 2448 quiescenti,
944 2383 1080 2450 rursum
1098 2355 1257 2421 divinitus

142 2474 355 2539 renovantur,
375 2473 411 2526 ut
426 2460 567 2526 suerent.
592 2460 717 2526 Dicunt
734 2460 808 2549 alii,
832 2461 921 2551 quod
941 2461 981 2524 ad
1006 2459 1112 2548 ipsam
1130 2457 1255 2547 ripam,

93 2592 124 2630 20
141 2566 263 2630 sactum
282 2563 414 2628 modico
433 2588 493 2653 per
510 2587 599 2628 mare
623 2563 813 2644 circoitum,
833 2563 922 2628 unde
940 2560 1083 2653 ingressi
1106 2561 1254 2638 fuerant,

142 2667 209 2732 sint
234 2665 369 2732 reversi.
395 2665 459 2731 Alii
486 2691 564 2730 vero
588 2677 754 2748 asserent,
776 2689 875 2731 unam
900 2665 1029 2731 cunctis
1050 2664 1255 2754 ingressum,

140 2768 295 2834 nonnulli
317 2768 499 2858 unicuique
524 2767 627 2833 tribui
653 2793 744 2833 suam
769 2767 917 2858 patuisse
934 2770 1038 2847 viam,
1064 2767 1146 2833 illud
1162 2765 1257 2831 testi·

141 2872 290 2936 monium
314 2871 463 2960 psalterii
488 2871 663 2934 abutentes
687 2871 783 2958 :Qui
807 2869 915 2934 divisit
934 2894 1026 2933 mare
1050 2870 1197 2933 Rubrum
1226 2873 1258 2932 in

141 2977 314 3039 divisiones
326 2974 349 3036 3.
369 2971 382 3063 Η
400 2976 488 3056 Quas
514 2969 694 3036 divisiones
718 2971 912 3060 spiritaliter
932 2983 966 3035 et
984 2994 1052 3035 non
1075 2969 1257 3034 secundum
1269 2995 1323 3044 col.
1339 2996 1376 3042 14.

93 3105 124 3142 25
141 3076 253 3141 littera
279 3075 475 3165 intellegere
502 3085 645 3161 oportet.
675 3075 760 3138 Sunt
788 3074 877 3138 enim
902 3085 935 3138 et
959 3075 994 3137 in
1019 3073 1083 3136 hoc
1105 3071 1256 3150 saeculo,

141 3179 232 3269 quod
249 3176 433 3268 figuraliter
452 3200 540 3240 mare
558 3175 694 3254 dicitur,
718 3176 839 3240 multae
855 3173 1063 3253 'divisionem
1083 3198 1150 3237 non
1170 3171 1258 3237 enirn

142 3279 326 3370 aequaliter
342 3292 484 3369 possunt
498 3291 554 3343 aut
569 3302 629 3367 per
644 3302 742 3342 unam
756 3278 841 3341 viam
857 3278 897 3342 ad
913 3277 1012 3341 vitam
1028 3275 1138 3341 cuncti
1154 3287 1258 3340 trans-

142 3383 202 3448 ire.
235 3381 300 3446 Alii
335 3393 443 3447 autem
476 3392 648 3446 transeant
679 3379 712 3444 iu
743 3382 859 3445 horam
884 3379 1043 3469 primam,
1065 3377 1099 3442 id
1127 3379 1258 3467 estqui

142 3485 249 3550 renati
267 3510 328 3574 per
347 3485 564 3572 baptismum,
591 3482 782 3546 inmaculati
799 3483 839 3545 ab
858 3481 948 3549 omni
970 3481 1258 3570 inquinamentum

95 3615 126 3654 ao
143 3585 253 3654 carnis
268 3588 292 3669 4,
307 3587 481 3678 perdurari
499 3587 654 3676 usquead
670 3586 756 3650 vitae
768 3585 954 3675 praesentis
966 3585 1088 3650 exitum
1099 3597 1257 3674 possunt,

142 3691 197 3756 alii
209 3691 251 3755 ad
262 3693 378 3755 horam
394 3691 539 3771 tertiam,
551 3689 707 3755 videlicet
722 3690 778 3778 qui
796 3688 919 3753 maiore
938 3701 1043 3754 aetate
1059 3699 1259 3752 convertun-

143 3806 215 3874 tur;
237 3793 292 3857 alii
314 3794 354 3859 ad
369 3807 510 3873 sextam,
531 3792 587 3882 qui
606 3792 752 3858 luxoriae
775 3791 903 3856 fervore
927 3803 1116 3857 coerccunt.
1138 3793 1180 3854 Et
1200 3814 1260 3878 per

142 3898 201 3960 has
218 3920 367 3986 quasque
384 3898 501 3974 horas,
521 3894 607 3960 sicut
627 3892 831 3985 euangelista
851 3904 1102 3973 commemorat,
1121 3892 1161 3956 ad
1183 3917 1259 3981 ope-

145 4021 212 4062 ram
241 3997 429 4064 dominicae
460 3996 567 4063 viniae
596 3999 778 4062 secuudum
809 3997 908 4068 fidem
936 3987 1105 4086 propriam
1131 3994 1259 4060 condu-

144 4324 195 4432 711.
214 4323 294 4372 Excd.
317 4323 354 4382 14,
378 4326 400 4372 3.
424 4351 453 4359 -
472 4325 494 4370 2.
513 4323 592 4376 Excd.
617 4323 658 4381 11,
682 4325 719 4371 tt.
740 4351 770 4361 -
785 4325 806 4372 3.
826 4323 868 4372 Ps.
885 4323 941 4379 135,
961 4323 997 4370 13.
1017 4349 1046 4358 -
1066 4323 1088 4370 1.
1107 4319 1144 4368 Gt.
1164 4320 1186 4369 2.
1201 4319 1259 4371 Cor.
