3220 5158
376 403 406 450 34
656 400 818 450 GREGORII
837 399 1044 448 tunonensis
1065 399 1215 448 EPlSCOPI

374 517 471 582 quitate
483 517 574 582 aliqua
585 515 727 576 obliviscor,
739 533 786 565 nec
801 522 880 564 morte
892 533 909 562 a
917 515 986 564 cobis
998 515 1111 564 divellor.
1123 515 1232 572 Scitote,
1244 515 1318 588 qnia,
1331 530 1491 579 quocumque

374 597 413 627 me
423 580 529 642 feceriut
538 579 620 628 dividi
630 596 737 645 agones,
748 596 843 626 mecum
853 577 985 642 estpalma
998 577 1036 626 :si
1044 579 1079 625 ad
1086 575 1190 626 esitium
1204 579 1300 636 absero,
1315 577 1384 624 beati
1399 577 1494 624 lolian-

373 642 414 689 nie
424 642 597 707 euangelistae
605 642 744 704 exemplum
756 641 853 699 liabeo,
866 643 891 690 ei
899 642 935 688 ad
946 641 1033 688 mortis
1045 642 1164 699 esitium,
1180 658 1192 688 a
1207 641 1286 688 vivere
1300 640 1362 688 miti
1378 640 1495 688 Christus

374 711 422 764 ert,
434 711 458 754 et
471 704 536 752 mori
551 704 647 752 tucrum
661 705 679 752 ¹.
694 721 706 752 u
720 704 748 752 Si
760 704 871 761 rediero,
883 704 985 767 fratres,
1001 703 1105 767 inplebit
1121 707 1187 751 Deus
1204 702 1358 750 desiderium
1371 707 1488 750 vestrum.

373 769 491 814 Attamen
501 766 592 829 suffieit
602 766 685 824 vobis,
699 767 768 830 quod
780 768 854 814 modo
861 782 911 812 non
922 766 1005 828 tacui,·
1018 765 1117 822 monui,
1132 766 1244 813 instruxi
1249 805 1254 819 ,
1269 764 1487 874 quomodobotui,
1504 780 1517 816 5

374 829 484 878 inmunis
492 846 574 878 ruma
586 830 710 894 sanguine
722 829 833 876 omnium
840 827 1016 892 pereuntium,
1027 833 1052 876 et
1061 828 1127 885 scio,
1158 829 1203 876 uia
1212 829 1385 876 adversanos
1419 843 1489 892 gun-

372 897 415 939 tur
427 892 526 940 litterae
539 890 788 938 ietaeantetribunat
795 891 902 949 Christi,
915 907 970 938 cum
983 891 1077 938 venerit
1086 892 1133 938 red
1152 908 1192 938 ere
1205 891 1339 962 unicuique
1350 889 1489 940 secundum

372 971 388 1000 o
405 971 450 1002 era
464 971 521 1003 sua.
535 955 563 1002 Si
571 971 684 1002 reversus
694 955 780 1016 suero,
793 955 899 1016 fratrer,
911 953 1001 1000 uidebo
1013 970 1055 1000 vos
1068 954 1093 1000 in
1106 953 1155 1000 linc
1165 954 1229 1010 vita,
1245 959 1270 1001 et
1276 969 1298 1000 si
1309 969 1359 1000 non
1376 968 1489 1000 reversus

371 971 457 1080 (iero,
472 1017 561 1064 videbo
578 1035 620 1064 voe
634 1017 660 1064 in
676 1016 771 1079 future.
786 1017 848 1064 Dico
863 1015 953 1063 vobis:
970 1015 1063 1074 valete,
1078 1021 1150 1064 orate
1183 1033 1212 1063 ro
1228 1016 1301 1064 nobis
1317 1022 1341 1064 et
1360 1014 1488 1071 ieinncte,

373 1078 435 1142 quia
446 1078 567 1127 ieiunium
582 1085 606 1127 et
618 1078 754 1126 elemosina
772 1096 869 1142 semper
882 1078 919 1125 ed
935 1078 1135 1126 misericordiam
1153 1033 1319 1142 diflererunt.
1339 1081 1490 1126 Mementote
1505 1086 1531 1124 1⁰
1605 1087 1606 1094 ¹

371 1142 492 1204 seriptum
506 1142 531 1190 in
544 1158 609 1190 euan
627 1141 676 1190 etio
688 1155 697 1188 .·
711 1157 722 1189 n
735 1141 819 1189 Nolite
829 1141 916 1188 timere
928 1141 1024 1214 eosqui
1036 1141 1155 1188 occidunt
1164 1158 1267 1204 corpus,
1279 1140 1393 1188 animam
1404 1145 1491 1187 antem

371 1210 536 1268 nonpossint
546 1203 599 1252 oeci
618 1221 658 1252 ere
663 1219 672 1268 ‚¹
684 1203 769 1251 timete
779 1211 863 1252 autem
873 1220 937 1260 eune,
948 1220 992 1266 qur
999 1207 1137 1312 postzuam
1146 1205 1274 1262 occiderit,
1286 1203 1362 1250 habet
1370 1207 1489 1266 potesta-

371 1271 421 1314 tem
431 1267 575 1316 etanimam
591 1273 615 1316 et
626 1283 717 1331 corpus
723 1267 832 1331 perdere
844 1273 868 1314 et
878 1265 976 1313 mittere
988 1265 1014 1314 in
1024 1283 1057 1330 ge
1076 1281 1166 1314 ennam
1179 1268 1200 1315 2.
1212 1283 1225 1314 »
1599 1296 1604 1383 1

1606 1339 1607 1358 l

370 1483 586 1552 Arrianorum
604 1487 763 1576 episcopo
776 1511 837 1577 pro
855 1486 920 1552 fide
941 1486 1104 1552 catholiea
1125 1487 1319 1552 decertavit.
1336 1489 1487 1577 Cumque

370 1613 444 1653 eum
468 1589 510 1655 de
534 1602 667 1655 sanctae
697 1588 869 1655 Trinitatis
897 1589 1116 1679 mysterium³
1137 1589 1369 1679 potentissime
1394 1590 1530 1656 dcvi-15

370 1692 462 1756 cissit
483 1703 517 1756 ct
532 1690 671 1781 insuper
687 1692 806 1758 multas
824 1716 885 1781 per
904 1717 979 1757 eum
997 1692 1137 1758 virtutes
1155 1692 1309 1758 Christus
1328 1694 1486 1759 ostende-

369 1808 436 1875 ret,
453 1793 488 1858 in
507 1793 631 1860 maiore
646 1795 776 1861 insania
793 1796 883 1860 idem
902 1797 1080 1887 episcopus
1105 1795 1331 1861 inflammante
1349 1820 1486 1861 succen-

368 1897 468 1962 ditur.
493 1901 596 1963 Erant
616 1898 704 1964 enim
729 1912 810 1964 tune
832 1898 993 1988 temporis
1017 1925 1091 1965 cum
1116 1913 1231 1965 sancto
1255 1901 1406 1991 Eugenie
1423 1898 1486 1964 viri

365 1999 620 2089 prudentissimi
653 2015 750 2092 atque
782 2001 983 2067 sanctissimi
1012 2001 1223 2070 Vindimialis
1252 2016 1286 2067 ct
1314 2003 1486 2095 Longinus

366 2104 533 2192 episcopi,
552 2129 648 2192 pares
665 2105 771 2196 gradu
792 2118 825 2169 et
840 2105 961 2170 virtute
982 2130 1049 2170 non
1070 2105 1214 2195 inpares.
1242 2109 1325 2174 Nam
1349 2120 1484 2173 sanctus
1498 2133 1526 2171 so

364 2204 574 2273 Vindimialis
591 2232 630 2273 eo
645 2219 795 2296 tempore
813 2208 982 2274 ferebatur
995 2222 1161 2274 mortuum
1181 2208 1379 2290 suscitasse3
1400 2213 1484 2276 Lon·

364 2307 462 2399 ginus
472 2321 580 2374 autem
595 2308 707 2374 multis
717 2309 859 2376 infirmis
869 2311 1009 2375 salutem
1019 2313 1147 2377 tribuit.
1169 2311 1338 2403 Eugenius
1350 2336 1484 2402 quoque

364 2434 431 2476 non
448 2413 553 2477 solum
570 2412 752 2479 visibilium
770 2413 942 2479 oculorum
956 2416 1169 2496 caecitatem,
1193 2415 1252 2480 sed
1274 2416 1373 2480 etiam
1393 2439 1484 2480 men·

363 2515 444 2581 tium
473 2515 675 2605 depellebat.
705 2518 803 2601 Quod
839 2541 979 2583 cernens
1010 2518 1067 2583 ille
1096 2543 1240 2608 nequam
1267 2520 1483 2584 Atrianorum

363 2617 558 2706 episcopus,
584 2632 733 2685 vocatum
754 2620 853 2686 adse
879 2620 1044 2710 quendam
1071 2623 1240 2686 hominem
1269 2623 1311 2686 ab
1333 2621 1523 2710 illaqueas

243 2736 297 2784 Col.
311 2737 349 2784 48.
361 2720 426 2809 ipsi
445 2720 575 2786 vivebat
593 2747 722 2802 errore,
742 2721 755 2812 ll
772 2721 818 2786 ait
838 2748 845 2786 :
870 2750 886 2786 n
907 2725 981 2790 Non
1000 2723 1126 2813 patior,
1147 2724 1237 2813 quod
1260 2724 1307 2789 hii
1330 2723 1482 2814 episcopi

362 2821 465 2886 multa
490 2821 526 2886 in
549 2825 692 2913 populos
719 2826 814 2916 signa
843 2825 1060 2914 depromunt,
1090 2825 1233 2916 illosque
1266 2829 1394 2908 cuncti,
1430 2852 1482 2892 me

362 2923 532 3014 neglecto,
556 2938 752 3015 sequuntur.
780 2927 969 3016 Adquiesce
995 2954 1084 2994 nune
1106 2929 1157 2994 his
1183 2955 1267 3020 quae
1288 2929 1479 3020 praecipio,

362 3036 394 3090 et
416 3028 562 3115 acceptis
585 3027 827 3119 quinquaginta
851 3031 977 3112 aureis,
1005 3031 1084 3098 sede
1111 3033 1145 3096 in
1174 3032 1300 3122 platea,
1326 3057 1386 3122 per
1416 3056 1482 3121 qua

361 3129 459 3194 nobis
475 3143 526 3194 est
545 3133 716 3212 transitus,
738 3145 771 3198 et
788 3157 919 3198 manum
939 3158 1041 3224 super
1058 3136 1187 3202 clausos
1204 3137 1318 3202 oculos
1334 3159 1478 3225 ponens,
1495 3161 1524 3199 eo

362 3255 414 3294 me
429 3244 664 3320 praetereunte
686 3259 760 3298 eum
781 3236 934 3325 reliquis,
967 3237 1113 3303 exclama
1137 3239 1172 3304 in
1200 3263 1319 3330 magna
1339 3240 1479 3317 virtute,
1512 3257 1515 3266 ·

361 3331 477 3398 dicens
501 3361 507 3398 :
534 3363 551 3399 a
578 3335 629 3402 Ad
658 3349 708 3419 te,
745 3339 936 3405 beatissime
971 3342 1107 3428 Cyrola,
1143 3355 1277 3408 nostrae
1306 3339 1480 3432 religionis

362 3436 516 3519 antestis,
553 3438 745 3528 dipraecor,
781 3451 818 3506 ut
845 3443 1029 3532 respiciens
1061 3443 1244 3509 manifestis
1275 3443 1416 3536 gloriam
1441 3467 1479 3507 ac

360 3537 515 3604 virtutem
546 3554 657 3622 tuam,
692 3555 729 3607 ut
759 3545 873 3610 oeulos
910 3571 1001 3610 meos
1035 3549 1188 3636 aperiens
1219 3573 1348 3614 mercar
1369 3549 1477 3614 lucem

360 3640 473 3708 videre
491 3667 588 3733 quam
605 3645 749 3734 perdidi.
774 3674 791 3709 »
811 3647 875 3732 Qui
892 3649 982 3714 iussa
1004 3650 1175 3738 complens
1196 3653 1422 3742 resedensque
1443 3655 1477 3718 in
1492 3680 1521 3718 35

361 3744 487 3832 platea,
507 3748 693 3812 transeunti
709 3752 859 3816 heretico
880 3775 954 3818 cum
978 3753 1101 3817 sanctis
1120 3753 1199 3836 Dei,
1220 3754 1276 3820 isti
1295 3755 1351 3846 qui
1372 3760 1477 3823 Deum

361 3846 509 3914 inridere
547 3850 717 3942 cogitabat
750 3853 911 3921 exclamat
942 3857 977 3920 in
1007 3881 1126 3948 magna
1155 3858 1295 3940 virtute,
1331 3858 1474 3925 dicens:

363 3950 487 4016 «Audi
512 3978 582 4035 me,
606 3955 797 4022 beatissime
819 3958 955 4046 Cyrola,
981 3959 1056 4024 audi
1086 3983 1155 4042 me,
1183 3975 1296 4027 sancte
1322 3963 1477 4029 sacerdos

361 4052 440 4136 Dei,
461 4057 590 4146 respice
606 4060 799 4125 caecitatem
815 4063 939 4126 meam!
959 4061 1120 4153 Experiar
1138 4089 1201 4155 ego
1221 4067 1475 4150 medicamenta,

415 1384 542 1448 Ductus
572 1382 684 1473 itaque
713 1397 846 1450 sanctus
880 1375 1054 1475 Eugenins'
1085 1382 1125 1448 ad
1162 1406 1292 1475 regem,
1326 1407 1401 1448 cum
1428 1381 1487 1448 illo
1601 1359 1607 1662 1

366 4203 1476 4236 --.--.-...-...-....,,,,,-,,,

391 4276 414 4322 1.
432 4275 499 4325 chii.
511 4278 538 4334 i,
550 4280 587 4327 21.
601 4307 631 4318 -
643 4282 665 4330 a.
684 4281 775 4332 naith.
789 4284 830 4343 10,
843 4286 880 4332 ss.
893 4313 924 4322 -
936 4288 957 4333 3.
979 4290 1048 4336 corr.
1064 4290 1197 4352 mysteria.
1423 4261 1428 4274 ’
