3256 5144
388 452 432 498 152
672 451 829 500 caucana
847 451 1054 500 'lURONENSlS
1070 451 1223 500 EPISCOPI

387 573 510 629 aguntur,
520 566 586 630 ipse,
597 567 659 630 quia
670 567 723 615 iam
735 567 804 616 diue
824 567 945 618 ilenticus
955 573 1019 625 erut,
1027 568 1060 617 ah
1071 567 1119 616 hoc
1129 569 1221 618 morbo
1231 575 1375 633 correptus,
1387 570 1507 643 asperius

388 643 509 676 exsensu
522 631 617 688 laetus,
633 635 658 676 et
669 644 716 692 per
726 630 781 678 dies
813 647 859 678 uos
872 629 976 678 assidue
989 630 1054 678 dans
1074 631 1216 694 mugitum,
1236 631 1314 679 tertia
1326 631 1367 678 die
1385 632 1507 696 spiritum

388 691 509 739 exulavit.
527 690 598 748 Quas
615 698 732 755 peracta,
748 693 810 740 bam
831 693 920 746 adius,
940 698 970 740 ut
987 693 1108 757 superius
1125 693 1292 750 dictumest,
1313 694 1346 742 ab
1362 694 1459 743 honore
1482 703 1508 744 et

389 754 511 802 facultate
532 755 660 818 privatus,
683 755 709 802 in
731 755 790 803 odio
812 709 1007 804 letridiaconi
1028 772 1088 804 cum
1107 757 1161 804 filio
1185 755 1304 804 Silvestri
1329 757 1505 820 coniungitur,
1610 809 1611 816 ἵ

388 816 540 864 machinans
551 822 627 880 atque
641 818 808 874 confirmans,
821 824 924 880 patrem
937 834 1012 866 suum
1025 818 1129 882 abipso
1143 818 1223 866 luisse
1235 819 1370 867 maleficiis
1383 818 1507 867 interlec-
1521 831 1534 866 5

256 885 310 931 Col.
323 883 375 930 208.
388 886 452 926 tum.
471 881 504 926 At
525 879 570 932 ille
586 885 669 927 aetate
690 880 800 938 iuvenis,
825 896 903 928 sensu
923 881 988 928 levis
1001 887 1092 928 contra
1112 897 1170 928 eum
1186 885 1196 942 ΙΙ
1212 888 1397 937 commovetur,
1417 882 1508 946 ipsum

388 941 515 1004 impetens
527 941 631 1004 publice
644 941 811 1005 parricidam.
826 943 906 990 Porro
918 943 963 990 ille
979 943 1043 991 haec
1055 943 1177 1000 audiens,
1197 946 1264 992 laeto
1296 944 1373 992 lacito
1387 943 1414 990 in
1429 961 1508 1008 prae-

388 1005 471 1052 sentia
482 1004 565 1052 saneti
577 1004 659 1052 Niceti
672 1005 797 1069 episcopi,
811 1005 932 1053 avunculi
941 1005 1033 1053 matris
1046 1021 1127 1062 meae,
1136 1006 1263 1069 Lugduno
1274 961 1409 1071 dirigitur;
1423 1013 1448 1055 et
1461 1007 1508 1061 ibi,

388 1067 491 1128 Siagrio
508 1066 631 1130 episcopo
640 1083 729 1115 coram
741 1074 842 1116 astante
853 1069 893 1115 vel
903 1066 962 1115 aliis
973 1068 1152 1116 sacerdotibus
1164 1069 1252 1116 multis
1263 1085 1323 1116 cum
1335 1069 1510 1118 saccularium

388 1129 561 1192 principibus,
570 1145 597 1176 se
605 1136 767 1176 sacramento
775 1131 852 1186 exuit,
859 1146 1002 1193 numquam
1012 1131 1073 1178 sein
1083 1138 1166 1178 morte
1173 1131 1293 1179 Silvestri
1302 1130 1409 1178 mixtum
1419 1131 1508 1179 luisse.
1526 1141 1550 1177 la
1610 1145 1611 1194 j

388 1193 451 1240 Post
457 1191 523 1239 duos
536 1207 597 1239 vero
609 1208 691 1240 annos
703 1191 844 1255 instigatus
857 1193 950 1240 iterum
964 1209 980 1240 a
989 1193 1133 1257 Lampadio
1143 1194 1213 1241 filius
1226 1193 1355 1250 Silvestri,
1370 1194 1510 1242 adsecutus

342 1311 344 1316 ,
388 1255 414 1302 in
427 1254 470 1302 via
480 1255 587 1302 Petrum
600 1253 743 1311 diaconem,
758 1256 848 1302 lancea
859 1255 1004 1304 sauciatum
1017 1256 1153 1302 interfecit.
1168 1256 1242 1312 Quod
1255 1273 1313 1304 cum
1332 1258 1428 1304 lactum
1442 1257 1511 1304 iais-

388 1323 440 1373 set,
456 1317 486 1364 de
503 1333 533 1364 eo
550 1317 607 1365 loco
622 1318 738 1365 elevatus
754 1323 779 1364 et
796 1316 827 1364 ad
844 1317 1020 1365 Divionensim
1033 1317 1136 1366 delatus
1151 1325 1280 1374 castrum,
1301 1335 1375 1366 secus
1389 1325 1510 1366 sanctum

388 1379 555 1444 Gregorium,
570 1395 698 1443 proavum
709 1386 841 1434 nostrum,
856 1380 989 1443 sepelitur.
1004 1381 1056 1428 Iste
1071 1396 1132 1428 vero
1146 1383 1173 1428 lu
1193 1397 1236 1428 am
1246 1381 1344 1438 iniens,
1361 1381 1394 1428 ud
1405 1380 1510 1445 Cbilpe·
1610 1409 1611 1446 p

388 1442 471 1489 ricum
491 1458 579 1505 regem
597 1442 713 1497 transiit,
735 1442 903 1490 facultatibus
924 1441 978 1489 suis
995 1443 1059 1489 fisco
1078 1443 1148 1505 regis
1171 1397 1360 1492 guntchramni
1380 1443 1508 1492 dimissis.
1526 1453 1551 1490 15
1610 1447 1611 1508 l

388 1504 503 1568 Cumque
515 1521 563 1568 per
572 1503 677 1552 diversa
689 1510 830 1567 vagaretur
839 1520 887 1567 pro
897 1504 1037 1552 commisso
1048 1506 1152 1561 scelere,
1164 1522 1211 1552 nec
1223 1507 1245 1553 ei
1257 1507 1405 1554 essetlocus
1416 1507 1510 1554 firmus

387 1567 421 1614 ad
438 1564 666 1624 commorandum,
677 1567 791 1624 tandem,
801 1574 829 1614 ut
839 1567 924 1623 credo,
939 1574 1094 1615 contraeum
1103 1568 1228 1630 sanguine
1239 1569 1341 1617 insonte
1352 1568 1384 1616 ad
1392 1569 1511 1617 divinam

387 1630 531 1694 potentiam
542 1628 721 1693 proclamante
733 1630 753 1685 1,
767 1630 794 1677 in
807 1625 998 1693 quodamloco,
1012 1630 1072 1677 dum
1081 1630 1131 1678 iter
1140 1637 1238 1692 ageret,
1252 1631 1415 1678 innocentem
1426 1631 1513 1678 homi·

386 1707 446 1740 nem
460 1691 599 1755 evaginato
616 1692 705 1754 gladio
719 1692 859 1742 interemit.
878 1691 957 1738 Cuius
971 1699 1096 1765 parentes
1113 1693 1279 1741 condolentes
1296 1693 1437 1758 propinqui
1455 1695 1512 1742 exi-

387 1761 451 1812 tum,
464 1761 594 1803 commota
607 1755 748 1809 seditione,
760 1754 881 1802 extractis
913 1754 1005 1811 ladirs,
1020 1755 1113 1802 eumin
1128 1757 1211 1803 lrnsta
1224 1756 1364 1804 concidunt
1377 1756 1512 1804 membra·
1526 1759 1553 1795 ‘2⁰
1610 1751 1611 1792 l

386 1817 485 1881 timque
497 1816 661 1882 dispergunt.
676 1817 766 1864 Talem
783 1817 852 1864 iusto
864 1771 960 1864 iudicio
974 1817 1019 1864 Dei
1029 1818 1126 1866 exitum
1136 1818 1216 1865 miser
1228 1818 1338 1882 aceepit,
1350 1825 1377 1867 ut
1391 1818 1436 1882 qui
1446 1835 1512 1883 pro·
1610 1815 1611 1830 ¹

387 1880 515 1943 pinquum
527 1879 690 1928 innocentem
700 1879 862 1927 interimerat
873 1880 930 1944 ipse
943 1895 1037 1927 nocens
1051 1879 1149 1928 diutius
1166 1896 1217 1928 nou
1236 1887 1360 1929 maneret.
1377 1881 1443 1929 Nam
1456 1888 1513 1929 ter-

386 1942 423 1990 tio
435 1942 499 1989 haec
512 1942 535 1988 ei
548 1948 690 1990 evenerunt
699 1957 775 1989 anno.

418 2004 532 2069 Denique
547 2005 667 2052 Silvestri
679 2010 739 2068 post
755 2004 895 2068 transitum
913 2004 1048 2067 Lingoniei
1067 2005 1162 2052 iterum
1178 2007 1331 2069 episcopum
1345 2006 1511 2069 flagitantes,

386 2066 548 2140 Pappolum,
568 2067 611 2131 qui
629 2067 760 2131 quondam
781 2066 979 2114 archidiaconus
1001 2067 1221 2130 Agustidunensis
1246 2071 1345 2126 luerat,
1368 2069 1512 2132 accipiunt.
1610 2127 1611 2134 ἵ

387 2127 436 2185 Qui
447 2129 538 2185 multa,
552 2136 581 2176 ut
593 2135 721 2185 asserunt,
733 2128 787 2191 egit
798 2129 896 2192 iniqua,
908 2145 974 2193 quae
986 2145 1002 2176 a
1014 2129 1089 2177 nobis
1119 2131 1352 2187 raetermittuntur,
1367 2147 1398 2178 nc
1411 2131 1514 2179 detrac·
1527 2151 1553 2188 25,

252 2194 306 2245 Col.
321 2196 374 2244 209.
386 2198 456 2239 tores
470 2193 581 2239 fratrum
593 2208 650 2240 esse
661 2191 806 2239 videamur.
818 2191 1078 2256 Tamen,qualemh
1115 2193 1182 2240 uerit
1194 2194 1305 2249 exitum,
1319 2210 1370 2242 non
1379 2193 1511 2241 omittam.
1610 2195 1611 2246 l

387 2256 460 2301 Anno
483 2261 575 2302 octavo
590 2257 600 2315 ΙΙ
618 2254 785 2318 episcopatus
802 2255 857 2308 sui.
873 2255 936 2302 dum
952 2254 1069 2302 dioceses
1088 2271 1118 2302 ac
1135 2255 1212 2302 villas
1228 2256 1353 2304 ecclesiae
1373 2255 1511 2308 circuiret.
1610 2253 1611 2286 l

387 2316 501 2382 quadam
514 2322 588 2364 nocte
598 2316 735 2364 dormienti
747 2317 871 2380 apparuit
882 2317 974 2365 beatus
988 2317 1106 2364 Tetricus
1118 2318 1192 2365 vultu
1205 2318 1308 2366 minaei.
1319 2319 1366 2366 Cui
1377 2318 1414 2366 ita
1427 2318 1493 2366 dicit
1506 2335 1511 2366 :
1610 2303 1611 2352 l

388 2387 402 2426 a
414 2379 482 2436 Quid
494 2385 531 2435 tu,
543 2379 635 2443 inquit,
646 2379 689 2426 hic
699 2379 815 2443 Pappole
823 2381 836 2426 θ’
846 2380 881 2427 Ut
893 2380 954 2444 quid
969 2379 1057 2427 sedem
1069 2395 1154 2428 meam
1166 2381 1268 2443 polluas
1279 2384 1288 2428 Ρ
1301 2381 1335 2428 Ut
1350 2381 1413 2444 quid
1425 2381 1513 2428 eccle·
1610 2361 1611 2406 l

388 2441 454 2489 siam
467 2442 607 2505 pervadis?
616 2442 651 2490 Ut
662 2441 725 2505 quid
737 2457 799 2489 oves
809 2441 874 2489 mihi
884 2441 997 2490 creditas
1015 2443 1052 2489 sie
1065 2442 1220 2506 disperges?
1232 2443 1299 2490 Cede
1312 2441 1377 2499 loe'o,
1391 2444 1512 2506 relinque
1527 2463 1553 2499 3„

388 2503 484 2562 sedem,
499 2505 609 2552 abscede
622 2505 727 2567 longius
737 2521 753 2552 a
762 2505 877 2568 regione.
891 2522 903 2551 a
914 2505 946 2552 Et
957 2505 1021 2552 haec
1034 2504 1131 2560 dicens,
1150 2505 1253 2568 virgam
1265 2521 1344 2569 quam
1355 2506 1471 2553 habebat
1484 2505 1511 2552 in

389 2581 467 2614 manu
478 2567 577 2630 pectori
592 2567 647 2614 eius
660 2582 720 2613 cum
729 2567 782 2614 ictu
793 2567 880 2615 valido
891 2566 1004 2640 impulit.
1019 2568 1047 2614 In
1058 2584 1108 2676 ipro
1121 2568 1165 2614 ille
1176 2568 1313 2629 evigilans,
1326 2567 1389 2615 dum
1401 2568 1511 2631 cogitat,

388 2629 449 2692 quid
463 2629 511 2676 boc
525 2636 607 2686 esset,
617 2629 678 2677 ficta
690 2629 716 2676 in
728 2629 785 2677 loco
796 2628 842 2676 illo
855 2629 979 2691 deligitur
990 2645 1020 2676 ac
1030 2629 1063 2676 do
1076 2645 1119 2677 ore
1127 2630 1241 2676 maximo
1251 2630 1391 2678 cruciatur.
1404 2630 1512 2678 Abhor-

387 2697 428 2739 ret
439 2691 527 2739 eibum
537 2698 679 2755 potumque
691 2697 717 2738 et
733 2697 844 2739 mortem
855 2691 908 2738 iam
922 2691 972 2739 sibi
985 2691 1130 2756 proximam
1137 2693 1322 2765 praestolatur.
1334 2691 1401 2749 Quid
1411 2692 1492 2754 plura
1504 2695 1513 2739 ?

388 2753 476 2802 Tertia
488 2754 542 2811 die,
557 2770 617 2802 cum
633 2754 788 2817 sanguinem
800 2769 844 2801 ore
861 2753 1000 2817 proicerit,
1018 2754 1173 2817 exspirav1t;
1188 2755 1279 2802 exinde
1298 2756 1395 2812 elatus,
1410 2754 1511 2817 Lingo-
1526 2777 1552 2814 ³51
1610 2765 1611 2824 l

388 2832 435 2864 nas
448 2817 491 2864 est⁴
502 2817 629 2880 sepultus.
644 2817 673 2863 In
686 2816 759 2864 cuius
776 2817 834 2863 loco
852 2816 1010 2864 Murnmolas
1026 2816 1107 2873 abba,
1124 2833 1201 2890 quem
1217 2817 1319 2864 Bonum
1336 2824 1512 2882 cognomento
1610 2845 1611 2876 i

387 2885 494 2936 vocant,
512 2879 651 2942 episcopus
669 2878 845 2926 substituitur.
862 2878 945 2934 Quem
963 2878 1039 2927 multi
1055 2895 1158 2942 magnis
1175 2879 1298 2927 laudibus
1315 2885 1509 2943 prosecuntur:
1610 2899 1611 2926 l

388 2957 445 2988 esse
458 2957 517 2989 eum
533 2949 646 2996 castum,
662 2941 787 2997 sobrium,
801 2941 964 2988 moderatum
977 2957 1007 2988 ac
1019 2941 1046 2988 in
1059 2941 1128 2989 omni
1141 2942 1257 2989 bonitate
1270 2942 1509 3005 promptissimum,
1610 2961 1611 3010 l

389 3011 519 3052 amantem
530 3004 667 3058 iustitiam,
685 3003 821 3050 caritatem
836 3004 906 3051 omni
920 3003 1061 3050 intentione
1075 3004 1236 3067 diligentem.
1253 3004 1315 3061 Qui,
1331 3021 1389 3052 acce
1411 3011 1437 3052 to
1452 3005 1511 3068 epi·
1610 3045 1611 3068 ,

389 3073 505 3129 scopata.
515 3082 683 3128 cognoscens,
693 3064 762 3130 quod
772 3065 930 3129 Lampadius
940 3067 1052 3113 multum
1063 3066 1094 3113 de
1104 3066 1182 3113 rebus
1192 3067 1340 3114 fraudasset
1348 3021 1474 3114 ecclisiae
1482 3083 1513 3113 aer
1527 3089 1553 3124 aa
1610 3071 1611 3116 l

389 3129 420 3175 de
432 3129 524 3192 spoliis
544 3144 690 3191 pauperum
706 3144 785 3190 agros
807 3128 947 3191 vineasque
971 3129 1012 3175 vel
1030 3128 1161 3192 mancipia
1184 3135 1383 3192 congregasset,
1397 3145 1457 3176 eum
1477 3130 1512 3176 ab
1610 3147 1611 3196 i

389 3191 460 3238 omni
472 3206 499 3238 re
510 3191 637 3237 nudatum
646 3207 662 3238 a
673 3189 806 3253 presentia
818 3205 866 3238 sua
875 3190 953 3237 iussit
963 3191 1005 3238 abi
1026 3191 1043 3238 i.
1057 3190 1106 3246 Qui
1116 3208 1184 3239 nunc
1195 3192 1221 3238 in
1232 3193 1344 3239 niaxima
1354 3197 1511 3254 paupertate

390 3253 496 3315 degens,
514 3253 634 3301 manibus
647 3252 762 3317 propriis
775 3252 872 3300 victum
885 3251 994 3316 quaerit.
1008 3207 1076 3300 ilaec
1088 3253 1119 3300 de
1128 3254 1169 3301 his
1183 3255 1322 3302 sufficiant.
1610 3235 1611 3300 l

1610 3371 1611 3402 l

1610 3419 1611 3446 l

422 3395 444 3440 6.
460 3395 533 3440 Anno
541 3409 601 3440 vero
615 3409 665 3456 quo
676 3409 769 3457 supra,
780 3391 806 3440 id
819 3399 858 3440 est
870 3410 929 3457 quo,
944 3400 1046 3440 mortuo
1059 3393 1205 3456 Sigibcrto,
1223 3395 1419 3451 Childebertus,
1439 3393 1511 3441 filius

392 3456 455 3515 eius,
468 3470 577 3518 regnare
583 3471 627 3502 coe
648 3455 676 3511 it,
689 3457 785 3503 multae
793 3455 902 3502 virtutes
913 3456 946 3502 ad
955 3456 1122 3518 sepulchrum
1132 3457 1201 3504 beati
1209 3457 1313 3505 Martini
1322 3463 1509 3520 apparuerunt.
1527 3479 1553 3516 45,
1610 3471 1611 3514 i

392 3534 457 3591 quas
469 3517 496 3564 in
508 3516 562 3564 illis
574 3472 672 3564 libellis
687 3517 794 3581 scripsi,
809 3533 872 3582 quos
891 3517 1000 3582 deipsis
1018 3518 1152 3566 miraculis
1169 3536 1314 3582 conponere
1331 3517 1467 3592 temptavi.
1480 3519 1512 3566 Et
1610 3517 1611 3530 ¹

392 3581 453 3626 licet
462 3594 580 3626 sermone
589 3580 699 3636 rustico,
712 3587 800 3627 tamen
813 3579 897 3627 celare
907 3596 1002 3644 passus
1016 3596 1067 3627 non
1081 3597 1152 3635 sum,
1169 3597 1234 3654 quae
1247 3589 1291 3630 aut
1303 3582 1359 3646 ipse
1372 3580 1426 3628 vidi
1439 3587 1484 3628 aut
1497 3597 1512 3627 a

392 3641 514 3690 fidelibus
527 3642 610 3689 relata
625 3643 743 3705 cognovi.
763 3643 809 3690 Hic
823 3649 938 3698 tuntum,
955 3642 1017 3706 qnid
1033 3644 1231 3706 neglegentibus
1247 3645 1373 3700 evenerit,
1387 3643 1432 3707 qui
1451 3650 1512 3706 post

261 3709 314 3754 Col.
327 3707 379 3754 210.
392 3704 516 3752 virtutem
527 3704 660 3750 coelestim
672 3711 775 3752 terrena
790 3705 978 3752 medicamenta
993 3706 1173 3767 quaesierunt,
1193 3707 1338 3762 exsolvam,
1350 3705 1424 3780 quia,
1444 3706 1512 3752 sicut

392 3782 439 3829 per
463 3765 575 3875 giratiam
595 3769 605 3827 {l
626 3767 775 3824 sanitatum,
804 3767 841 3814 ita
862 3774 888 3814 ct
906 3767 934 3814 in
959 3767 1159 3830 castigationem
1182 3769 1321 3816 stultorum
1347 3774 1431 3816 virtus
1454 3768 1509 3814 eius
1525 3791 1555 3826 50
1610 3753 1611 3826 i

434 3845 464 3875 en
486 3829 545 3875 itur.
1610 3835 1611 3858 l

391 3835 556 3939 oslteonastis
572 3889 707 3954 Biturigas
725 3891 937 3946 archidiaconns,
955 3891 1139 3940 decedentibus
1155 3895 1308 3948 cataractis,
1322 3895 1409 3940 lumen
1428 3893 1513 3940 caruit
1610 3865 1611 3944 i

390 3953 533 4000 oculorum.
544 3952 594 4008 Qui
605 3967 664 4000 eum
677 3969 724 4016 pcr
732 3955 827 4000 multos
839 3953 953 4001 medicos
963 3955 1110 4010 ambulans,
1122 3954 1302 4003 nihilomnino
1317 3956 1430 4003 visiones
1444 3955 1512 4002 reci·
1610 3947 1611 3974 ¹

390 4031 452 4080 pere
464 4015 556 4079 possit,
570 4016 681 4062 accessit
689 4014 723 4062 ad
735 4015 871 4063 basilicam
883 4017 965 4064 saneti
976 4017 1094 4072 martina
1106 4017 1151 4064 ubi
1160 4033 1207 4081 per
1217 4017 1282 4065 duos
1293 4025 1338 4066 aut
1346 4024 1399 4065 tres
1408 4033 1511 4065 menses
1610 4067 1611 4088 Χ

391 4077 535 4126 consistens
558 4083 583 4124 et
598 4077 717 4125 ieiunans
737 4077 854 4135 assidue,
876 4078 964 4126 lumen
983 4086 1012 4126 ut
1037 4079 1164 4142 reciperet
1184 4081 1329 4144 flagitabat.
1352 4080 1511 4128 Adveniente
1525 4101 1554 4138 55
1610 4101 1611 4140 i

391 4147 479 4188 autem
488 4139 636 4194 testivitate,
650 4140 800 4189 clarificatis
813 4140 895 4188 oculis
908 4142 1118 4205 cernerecoepit:
1132 4159 1269 4206 regressus
1280 4159 1381 4252 puoque
1394 4143 1509 4199 domum,

391 4202 608 4266 vocatoquodam
624 4203 731 4259 ludaeo,
750 4209 886 4258 ventosas,
910 4219 1020 4269 quorum
1039 4204 1164 4252 beneficio
1181 4205 1263 4252 oculis
1294 4221 1369 4252 umen
1389 4211 1509 4268 augeret.

313 4287 317 4298 ·
391 4265 507 4313 humeris
520 4265 681 4328 superponit.
695 4265 837 4314 Decedente
850 4282 952 4331 quoque
964 4267 1099 4331 sanguine,
1113 4284 1205 4316 rursus
1218 4268 1245 4314 in
1254 4267 1376 4316 redevira
1387 4268 1511 4316 caecitate

423 4433 443 4478 l.
464 4432 502 4480 Cf.
514 4433 577 4480 Gen.
592 4435 619 4490 l,
635 4433 670 4478 la
