3256 5144
430 320 597 369 HISTORlAE
613 318 814 367 FRANCORUM
831 313 928 368 LIBER
946 321 975 367 V.
1206 325 1260 394 ¹177

137 438 287 502 periurasse
297 453 365 493 oum,
379 434 425 483 alii
438 453 452 482 a
465 442 540 499 parte
553 434 609 483 viro
621 436 800 498 pronuntiant.
815 435 861 482 llis
875 451 938 498 ergo
951 435 1155 492 altercantibus,
1171 438 1261 501 evagi-

138 501 206 548 natis
219 499 353 563 gladiisin
364 514 391 545 se
404 497 515 545 invicem
526 502 739 560 prornuntutque
748 503 807 544 ante
815 497 903 559 ipsum
915 497 1040 545 altarium
1048 513 1075 546 se
1082 499 1256 548 trucidantur.

137 563 218 610 Erant
231 561 300 608 enim
313 561 425 608 maiores
439 566 502 607 natu
518 566 544 607 et
560 559 639 623 primi
656 559 727 622 apud
740 558 918 621 chilpericum
938 575 1036 622 regem.
1056 559 1262 626 Saueianturque

139 623 214 672 multi
228 623 334 686 gladiis,
347 621 511 685 respergitur
524 627 614 669 saneta
626 622 842 668 bumanocruore
850 621 1046 679 basilica,ostia
1057 622 1151 670 iaculis
1159 624 1263 672 lodiun-

107 683 123 720 5
138 693 181 733 tur
192 691 217 733 ct
229 685 345 741 ensibus,
360 691 437 747 atquc
448 683 573 747 usquead
584 684 674 747 ipsum
687 682 837 744 sepulcrum
849 683 902 731 tela
912 679 1002 746 iniqua
1015 681 1176 734 desaeviunt.
1189 685 1264 742 Quod

138 748 200 794 dum
211 747 255 794 vix
265 747 410 808 mitigatur,
419 746 493 794 locus
503 746 617 794 ollicium
629 744 752 808 perdidit,
763 745 845 792 donec
857 744 909 792 ista
921 744 1010 793 omnia
1021 745 1055 792 ed
1065 747 1136 809 regis
1144 747 1264 796 notitiam

139 809 315 882 pervenirent.
329 808 361 856 lli
374 823 436 855 rero
458 814 630 871 properantes
648 807 681 854 ad
713 806 870 854 raesentiam
886 807 1015 870 principis
1036 823 1087 856 uon
1103 809 1265 873 recipiuntur

138 888 165 918 ιιι
176 871 275 944 gratim
293 873 339 918 sed
354 869 425 916 etad
442 870 595 933 episcopum
612 868 662 917 loci
675 823 748 916 illius
764 868 883 926 remissi,
896 869 999 917 iussum
1015 875 1063 927 est,
1078 875 1115 925 ut,
1134 871 1156 918 si
1170 871 1202 919 de
1215 871 1265 919 boc

140 935 240 980 lucinus
251 932 399 1006 culpabiles
411 947 462 978 non
474 931 682 988 inveniebantur,
701 930 884 980 convenienter
901 931 1063 979 sociarentur
1079 933 1264 980 communioni.

94 995 123 1034 ¹⁰
138 997 210 1044 Tunc
220 995 254 1042 ab
267 1010 391 1058 episcopo
403 993 574 1056 Ragnimodo‚
586 993 631 1056 qui
641 991 789 1041 Par-isiacae
802 992 926 1040 ecclesiae
937 1000 1070 1056 praeerat,
1080 1002 1266 1056 componentes

137 1073 204 1120 quae
217 1057 285 1104 male
296 1061 446 1120 gesserant,
459 1057 486 1102 in
500 1055 681 1103 communione
700 1053 879 1102 ecclesiastiea
892 1061 953 1102 sunt
968 1055 1076 1118 recepti.
1093 1057 1188 1104 Mulier
1205 1073 1266 1104 vero

137 1135 187 1166 non
196 1125 258 1182 post
270 1118 360 1166 multis
373 1117 475 1174 diebus,
490 1134 548 1166 eum
562 1117 596 1164 ad
609 1116 737 1164 iudicium
754 1122 900 1175 vocaretur,
915 1117 1009 1180 laqueo
1022 1117 1102 1166 vitam
1116 1118 1210 1166 finivit.

183 1303 272 1368 XXV
295 1299 371 1387 (33).
397 1300 496 1364 Anno
519 1298 638 1388 quinto
666 1298 902 1366 Childcberthi
926 1300 1016 1390 regis
1042 1301 1267 1369 Arvernorum

137 1400 312 1491 regionem
322 1400 445 1465 diluvia
459 1424 579 1491 magna
589 1413 815 1489 processerunt,
828 1399 874 1464 ita
886 1413 923 1465 ut
933 1426 994 1490 per
1004 1402 1077 1468 dies
1089 1403 1267 1469 duodecim

95 1521 122 1560 15
139 1526 207 1566 non
219 1515 394 1567 cessareta
408 1501 536 1591 pluvia;
553 1515 713 1592 tantaque
726 1502 948 1568 inundatione
964 1503 1101 1570 Limane
1117 1518 1169 1570 est
1183 1505 1267 1571 iufu-

139 1629 223 1684 sum,
236 1616 274 1668 ut
288 1606 423 1681 multos,
441 1629 503 1669 nec
515 1617 697 1670 sementem
713 1604 873 1684 iacerent,
891 1605 1099 1692 prohiberet.
1116 1606 1268 1672 Flumina

139 1730 274 1795 quoque
304 1705 403 1798 Liger
418 1705 432 1796 Η
457 1705 688 1795 Flavarisque,
719 1731 818 1795 quem
843 1707 995 1772 Elacrem
1019 1707 1186 1789 vocitant,
1216 1709 1267 1774 vel
1279 1731 1334 1778 Col.
1347 1731 1400 1776 aar.

141 1807 261 1897 reliqui
283 1820 450 1872 torrentes
475 1809 693 1874 decurrentes
719 1807 752 1872 in
777 1833 869 1885 eum,
896 1807 942 1872 ita
962 1808 1211 1891 intumuerunt,
1234 1825 1271 1876 ut

140 1908 297 1989 termino,
337 1934 421 1999 ques
447 1935 627 2000 numquam
651 1921 885 1990 excesserant,
911 1909 1146 1999 praeterirent.
1177 1917 1289 1997 Quae.

96 2037 125 2074 ao
141 2012 268 2100 grande
288 2012 330 2076 de
346 2011 526 2100 pecoribus
543 2011 723 2092 excidium,
746 2012 788 2077 de
805 2012 946 2077 culturis
959 2012 1211 2094 detrimentum,
1228 2016 1270 2080 de

143 2111 303 2178 aedificiis
317 2113 427 2178 fecere
442 2113 662 2202 naufragium.
682 2115 757 2180 Pari
776 2116 876 2178 modo
896 2115 1054 2180 Rodanus
1074 2139 1149 2182 cum
1167 2117 1270 2182 Arare

143 2213 356 2306 coniunctus,
377 2213 466 2304 ripas
489 2215 661 2294 excidens,
682 2214 775 2304 gravi
800 2216 958 2280 damnum
981 2217 1115 2306 populis
1138 2217 1269 2298 intulit,

144 2341 255 2382 muros
280 2316 525 2406 Lugdunensis
561 2316 704 2382 civitatis
739 2316 849 2405 aliqua
887 2341 927 2382 ex
963 2330 1058 2406 parte
1093 2319 1268 2386 subvertit.

144 2417 404 2502 Quiesceutibus
420 2443 498 2484 vero
514 2417 635 2507 pluviis
653 2416 666 2510 ll
684 2420 820 2484 arbores
844 2418 956 2482 denuo
976 2417 1179 2500 llorueruut3
1201 2435 1338 2487 eratl'ol.
1352 2441 1380 2486 73
1392 2449 1426 2485 v·.

100 2517 233 2584 aseuirn
254 2517 379 2584 mensis
405 2521 616 2607 September.
645 2523 682 2584 ln
704 2519 871 2586 Torouioo
893 2543 972 2584 vere
997 2544 1037 2586 eo
1063 2543 1150 2588 anno
1176 2550 1272 2590 mane

144 2620 339 2711 priusquam
360 2621 432 2686 dies
452 2619 691 2702 inlucesceret,
713 2621 825 2712 fulgor
849 2647 911 2711 per
933 2621 1062 2688 caelum
1085 2627 1273 2692 cucurrisse

144 2723 233 2788 visus
254 2734 361 2788 estet
383 2724 424 2787 ad
446 2722 586 2789 orientis
615 2723 748 2812 plagam
778 2723 959 2788 decidisse.
991 2726 1058 2790 Sed
1082 2739 1115 2790 et
1143 2727 1273 2793 sonitus

145 2837 314 2914 tamquam
332 2824 504 2890 diruentes
522 2826 658 2890 arbores
683 2849 743 2913 per
763 2837 867 2889 totam
885 2837 1008 2889 terram
1029 2825 1119 2892 illam
1140 2829 1273 2894 auditus

146 2939 213 3004 est;
241 2926 331 3016 quod
358 2924 435 2990 ideo
459 2951 526 2990 uon
550 2938 600 2990 est
627 2926 669 2990 de
699 2927 818 2991 arbore
846 2925 1107 3010 aestimandum,
1138 2930 1215 3019 quia
1240 2931 1274 2996 in

105 3053 132 3090 ao
148 3027 398 3118 quinquagenta
415 3040 471 3092 aut
486 3025 628 3116 amplius
649 3026 740 3090 milia
753 3039 806 3092 est
820 3027 980 3094 auditum.
1001 3031 1078 3117 Ipso
1090 3052 1177 3098 auno
1197 3058 1275 3123 gra·

147 3125 232 3193 viter
247 3130 327 3193 urbs
350 3126 611 3218 Burdcgalensis
632 3141 777 3192 aterrae
797 3139 889 3193 motu
911 3152 1074 3194 concussa
1095 3145 1162 3213 est,
1188 3159 1274 3200 moe·

150 3227 270 3318 uiaque
293 3229 436 3294 civitatis
464 3228 499 3294 iu
519 3227 714 3293 discrimine
738 3227 922 3295 eversionis
947 3229 1146 3311 extiterunt3
1175 3247 1275 3323 atque

150 3328 258 3396 omnis
276 3331 420 3420 populus
437 3343 526 3395 metu
542 3329 659 3395 mortis
675 3331 852 3396 exterritus
868 3342 930 3410 est,
949 3342 996 3409 ut,
1014 3330 1041 3395 si
1054 3357 1122 3398 non
1138 3335 1273 3426 fugiret,

151 3439 305 3522 [putaret]
326 3457 360 3497 se
379 3457 454 3496 cum
476 3433 556 3496 urbe
573 3431 761 3496 dehiscere.
779 3431 876 3497 Unde
897 3445 931 3497 et
951 3432 1046 3497 multi
1066 3434 1108 3499 ad
1126 3435 1275 3503 civitates

108 3561 135 3605 :is
151 3534 231 3598 alias
249 3533 465 3599 transierunt.
485 3531 550 3617 Qui
567 3531 669 3598 timor
685 3533 727 3597 ad
741 3531 868 3598 vicinas
885 3531 1036 3599 civitates
1052 3551 1227 3624 porrectus
1244 3554 1279 3605 ct

151 3661 256 3725 usque
284 3635 477 3725 Hispaniam
508 3634 640 3724 adtigit,
667 3635 726 3699 sed
751 3660 819 3699 uon
846 3647 912 3698 tam
941 3635 1061 3702 valide.
1091 3642 1214 3708 Tamen
1234 3644 1277 3708 de

153 3737 345 3802 Perincnsis
372 3736 544 3801 montibus
570 3737 741 3800 inmensae
761 3735 891 3824 lapides
914 3748 992 3801 sunt
1015 3741 1191 3828 commoti,
1221 3745 1277 3834 qui

152 3863 273 3928 pecora
299 3838 521 3927 hominesque
548 3849 811 3926 prostraverunt.
839 3840 922 3904 Nam
945 3851 979 3902 et
999 3838 1090 3904 vicos
1110 3843 1278 3934 Burdega-

152 3941 256 4008 lensis
284 3939 442 4006 incendio
477 3939 636 4005 divinitus
666 3952 775 4005 ortum
799 3939 909 4019 exusi,
939 3941 985 4004 ita
1009 3954 1046 4006 ut
1071 3943 1183 4009 subitu
1202 3971 1279 4011 eou-

112 4069 140 4108 ao
154 4042 334 4134 praehensi
349 4041 433 4133 igni,
455 4055 522 4107 tam
540 4042 657 4106 domos
673 4067 771 4131 quam
791 4065 886 4107 areae
905 4066 979 4106 cum
1001 4045 1142 4110 annonis
1163 4046 1280 4120 ineen-

156 4141 482 4225 dioeremareutnr,
519 4145 644 4210 millum
679 4144 833 4232 paenitus
862 4143 1122 4211 'incitamentum
1152 4151 1280 4215 habeus

1190 4262 1215 4300 u
