3226 5156
400 407 564 458 nrsroaua
582 385 781 458 ιιιιιιοιιιιι
799 405 895 454 nisan
913 406 954 455 ιι.
1204 409 1246 454 ιιι

124 523 242 590 debat.
269 525 392 590 Multae
415 524 504 590 enim
523 537 641 590 causae
668 486 748 590 turia
778 533 839 613 ptr
868 511 942 588 eum
966 523 1247 612 inrationabiliter
1322 585 1327 598 ,

123 627 343 716 gerebantur,
364 639 397 691 et
422 629 465 692 οι)
489 623 553 694 hoc
574 595 801 694 adcacleraitus
823 621 874 690 est
888 626 930 691 de
943 607 1088 712 mund03
1107 625 1246 692 multum
1267 644 1270 655 '

124 727 219 792 enim
237 724 498 832 maledicebatur
513 754 529 794 a
545 716 681 820 populo
702 715 836 796 Nullum
854 741 963 794 autem
980 705 1150 794 hominem
1170 728 1247 794 dili·

123 832 248 945 gebat,
266 827 367 922 aquo
385 830 562 898 eonsilium
583 823 706 898 bonum
731 831 915 930 utilemque
941 830 1048 921 possit
1068 854 1245 922 accepere,

95 957 108 996 a
125 933 194 998 nisi
186 925 362 1000 collectis
379 925 500 1000 vilibus
522 935 675 1025 personis
698 946 805 1000 aetate
824 933 976 1000 iuvenale
994 925 1244 1015 fluctuantibus,

126 1037 264 1102 eosdem
281 1039 510 1103 tantummodo
521 1037 695 1128 diligebat,
708 1061 889 1126 corumque
900 1033 1075 1102 eonsilium
1093 1036 1243 1120 audiens,

125 1139 175 1224 ιιιι
194 1152 229 1204 ιιι
252 1139 336 1205 filias
368 1153 576 1218 senatorum,
610 1139 696 1206 datis
728 1139 1039 1254 praeceptionibus,
1066 1139 1244 1206 eisdem'
1216 1165 1246 1206 ιι

125 1215 259 1308 detrahi
276 1212 416 1308 iuberet.
437 1241 621 1329 Hirminum
637 1269 655 1308 a
672 1241 864 1317 comitatum
886 1239 980 1322 urbis
996 1243 1141 1334 graviter
1158 1241 1245 1310 ioiu

124 1343 248 1410 riatum
264 1345 376 1437 abegit
392 1358 425 1411 et
440 1323 638 1427 Salustium,
657 1329 788 1420 Euvodi
807 1344 929 1425 filiurn,
953 1346 1154 1436 subrogavit.
1178 1345 1245 1412 Sed

82 1465 107 1512 ιι
123 1445 293 1514 Firminus
317 1472 390 1515 eum
409 1471 502 1514 soora
525 1473 584 1514 sna
604 1447 758 1514 eclesiam
778 1446 886 1538 petiit.
913 1449 1025 1512 Erant
1035 1460 1145 1513 autem
1156 1469 1243 1537 qua

126 1540 359 1642 dragensimac
381 1552 469 1632 dies,
491 1565 524 1616 et
545 1550 705 1619 Cuntinus
730 1550 908 1640 episcopus
929 1548 1150 1616 Brivatensim
1164 1549 1246 1623 ,dio-

127 1652 232 1718 cesim
251 1654 425 1766 psallendo
450 1654 541 1735 adire
563 1653 775 1743 disposuerat
797 1654 888 1718 iuxta
907 1651 1246 1727 iustitutionesancti

126 1754 233 1835 Galli,
271 1753 357 1842 sicut
387 1781 485 1846 supra
524 1755 730 1846 scripsimus.
767 1757 930 1847 Egressus
961 1767 1012 1822 est
1041 1753 1144 1848 igitur
1174 1756 1246 1846 cpi·
1259 1744 1261 1752 ¹

126 1881 250 1973 scopus
285 1837 326 1923 ab
352 1861 434 1924 urbe
462 1883 536 1924 cum
567 1883 687 2026 progna
711 1857 811 1941 fletu,
839 1870 1008 1941 metuens,
1047 1883 1089 1923 ne
1120 1855 1246 1949 aliquid

82 1981 109 2026 ιι
125 1960 162 2026 in
181 1959 308 2027 itenere
333 1961 461 2026 adversi
475 1951 489 2050 ll
507 1961 681 2052 perferret
705 1911 907 2026 lutenilebat
925 1959 1013 2026 enim
1039 1971 1073 2025 ct
1091 1957 1163 2051 ipse
1189 1975 1310 2028 rexcol.
1325 1979 1378 2027 153.

127 2066 456 2130 Chramnusmenas.
476 2063 540 2147 Qui
559 2042 865 2154 dumiteragerct,
888 2063 978 2129 misit
995 2087 1053 2128 rex
1072 2065 1245 2134 Imnacha·

125 2165 213 2258 rium
232 2179 265 2232 et
278 2165 516 2256 ¹scaptharium
531 2165 658 2256 primus
675 2147 717 2230 de
735 2165 838 2230 latere
850 2173 927 2245 suo,
942 2165 1059 2231 dicens
1080 2192 1086 2230 :
1109 2193 1125 2229 ιι
1146 2169 1194 2232 lte
1213 2177 1246 2232 et

124 2269 156 2332 vi
185 2267 367 2334 abstrahite
402 2267 586 2333 Firminum
616 2265 889 2356 Caesariamque,
919 2291 1049 2342 socrum
1080 2268 1167 2348 eius,
1203 2269 1245 2340 de

125 2371 260 2436 eclesia.
283 2397 301 2432 ι
326 2367 528 2436 Discedente
551 2395 629 2436 vero
649 2372 808 2460 episcopo
835 2395 910 2435 cum
932 2357 1134 2459 psallentio,
1160 2369 1246 2438 sicut

81 2497 108 2538 ιι
124 2497 227 2562 supra
243 2470 572 2554 memoravimus,'·hii
588 2471 646 2562 qui
665 2470 788 2547 missia
807 2473 974 2550 Chramno
989 2471 1121 2544 fuerant
1135 2471 1244 2565 ingre-

124 2575 264 2640 diuntur
274 2573 429 2640 eclesiam
444 2597 480 2638 ac
494 2573 678 2641 Firminum
699 2573 954 2663 Caesariamquc
973 2573 1072 2639 variis
1090 2575 1244 2641 conlocu-

124 2677 254 2743 tionum
279 2675 364 2742 dolis
385 2676 529 2742 mdlcerc
548 2689 720 2767 temptant.
746 2679 869 2743 Verum
895 2673 959 2760 ubi¹
973 2674 1168 2742 diutissime
1181 2679 1244 2744 alia

125 2805 166 2844 cx
185 2779 258 2845 aliis
284 2779 536 2866 deambulantes
556 2804 614 2868 per
634 2777 790 2844 eclesiam
813 2776 1047 2857 conlocantur,
1070 2777 1155 2843 etin
1178 2781 1242 2846 hoe

126 2881 183 2972 qui
199 2882 419 2972 confugerant
437 2880 653 2946 intenderent
669 2905 709 2946 ex
731 2877 841 2945 animo
862 2904 945 2969 qaae
970 2880 1180 2962 dicebantur,
1202 2883 1243 2948 ad

84 3011 111 3051 ιι
126 2984 210 3050 roias
237 2981 329 3049 aedis
350 3007 477 3070 sacrae,
500 3007 585 3075 quae
608 2995 688 3048 tnnc
706 2993 872 3048 reseratae
893 2983 1042 3064 fuerant,
1062 2983 1243 3074 adpropin-

126 3087 240 3176 quant.
265 3088 357 3150 'l'uuc
373 3084 599 3150 imnacharius
611 3085 808 3164 Firminum,
827 3083 1044 3198 Scaptharius
1056 3085 1242 3152 Caesariani

127 3186 388 3302 adpraebensis
379 3200 467 3253 mter
480 3187 615 3253 brachia
635 3190 676 3252 ab
694 3187 816 3253 eclesia
836 3183 1002 3268 eieeiunt,
1025 3185 1149 3279 paratis
1164 3211 1243 3278 pue·

127 3289 189 3369 ris,
206 3290 276 3378 qui
298 3301 531 3388 susceperent.
567 3293 657 3374 Quos
686 3289 797 3354 statim
824 3289 859 3355 in
883 3288 982 3354 exilio
1007 3289 1212 3356 derixerunt.
1232 3290 1245 3384 [ι

128 3341 193 3460 Sed
211 3391 267 3458 die
291 3380 392 3456 altera
407 3391 595 3481 depraessis
614 3416 731 3457 somno
752 3390 991 3458 custodibus
958 3391 1046 3481 ,ipsi
1068 3419 1102 3459 se
1118 3393 1243 3458 liberos
1255 3414 1308 3462 Fol.
1321 3417 1396 3465 aava

86 3522 112 3560 ιι
127 3496 326 3574 sentrentes
350 3495 391 3560 ad
421 3497 510 3560 beati
535 3495 652 3561 Iuliani
673 3493 811 3560 basilica
840 3493 1055 3586 confugiunt,
1080 3509 1113 3560 et
1137 3522 1197 3562 sic
1203 3497 1243 3561 ab

126 3597 224 3664 exilio
250 3596 445 3684 liberantur.
472 3600 537 3664 Res
563 3609 672 3684 tamen
706 3621 821 3670 eornm
854 3597 935 3662 fisco
971 3597 1124 3666 conlatae
1152 3612 1240 3664 sunt.

126 3701 287 3780 Cuntinus
312 3713 421 3764 autem
448 3699 643 3790 episcopus,
669 3725 742 3774 cum
770 3713 945 3789 suspectus
964 3714 1071 3782 esset,
1097 3701 1186 3792 quod
1211 3715 1259 3766 et‘

125 3805 197 3895 ipse
213 3802 439 3884 iniuriaretur,
462 3827 499 3868 ac
520 3815 736 3868 memoratum
752 3802 816 3868 iter
832 3816 956 3884 terens,
972 3828 1093 3894 equum
1103 3805 1243 3870 haberet

127 3919 283 3987 stratum,
300 3904 385 3970 vidit
405 3917 598 3996 postergum
618 3904 770 3970 homines
792 3904 964 3974 venientes
988 3929 1062 3970 cum
1086 3905 1240 3986 caballis,

87 4034 112 4074 ιι
126 4010 182 4098 qui
201 4010 243 4074 ad
258 4030 433 4074 occursum
453 4008 523 4073 eius
542 4005 736 4086 veniebant,
760 4019 793 4071 et
811 4007 856 4072 ait
876 4034 883 4071 ε
912 4033 929 4070 ιι
955 4009 1022 4075 Vae
1043 4006 1143 4087 mihi,
1165 4007 1242 4099 quia

126 4111 263 4177 hiisunt
279 4135 364 4200 quos
379 4113 566 4176 Chramuus'
583 4109 705 4174 direxit
714 4111 755 4174 ad
764 4135 817 4175 ine
834 4110 1208 4202 conpraehendendurn.
1224 4138 1241 4175 ιι

128 4215 168 4280 Et
185 4239 325 4280 ascenso
344 4212 473 4303 equite,
494 4213 611 4278 relicto
631 4211 829 4301 psallentio,
849 4211 939 4276 solus
961 4237 1064 4302 nsque
1083 4211 1118 4278 in
1135 4215 1241 4302 porti-

128 4339 200 4382 cum
216 4313 373 4382 basilicae
391 4314 496 4380 sancti
513 4314 650 4395 Iuliani,
665 4316 769 4380 ambis
782 4339 928 4406 urguens
949 4315 1113 4380 calcaneis
1129 4314 1240 4380 corni-
