3220 5158
381 469 410 516 26
663 463 820 514 GREGORII
838 463 1046 514 TURONENSIS
1063 465 1213 514 EPISCOPI

426 585 545 650 XXXV
562 581 638 669 (48).
656 579 791 650 Arcadii
804 605 883 646 vero
900 595 934 646 et
952 581 1090 648 Honorii
1103 581 1250 648 secundo
1261 579 1393 671 imperii
1409 605 1494 645 anno

382 697 516 750 sanctus
542 683 704 750 Martinus
721 687 929 749 'loronornm
956 683 1152 773 episcopus,
1175 684 1293 774 plenus
1317 683 1495 751 virtutibus

382 801 415 852 et
435 786 627 865 sanctitate,
649 788 814 876 praebens
836 786 976 851 infirmis
995 787 1097 852 multa
1118 786 1299 868 beneficia,
1322 786 1495 878 octuagin-

383 887 466 954 simo
490 901 523 954 et
550 887 658 978 primo
692 890 809 954 aetatis
844 914 921 954 suae
957 914 1096 970 annum,
1131 889 1369 978 episcopatum.
1388 903 1497 954 autem

381 989 555 1055 vicinsimo
578 1003 689 1070 sexto,
719 991 805 1080 apud
833 991 1079 1056 Condatensem
1103 989 1263 1072 dioc[is]is
1288 1014 1365 1055 suae
1386 990 1522 1056 vicums

383 1091 547 1156 excedens
568 1085 751 1170 asaeculo,
765 1090 898 1156 filiciter
915 1090 1069 1182 migravit
1089 1091 1129 1155 ad
1151 1092 1331 1156 Christum.
1353 1091 1499 1156 Transiit

383 1205 493 1258 autem
512 1193 620 1257 media
636 1207 751 1272 nocte,
770 1218 854 1282 quae
872 1193 1048 1258 domineca
1066 1195 1220 1271 habetur,
1248 1191 1359 1258 Attico
1382 1195 1497 1258 Caesa-

382 1296 499 1384 rioque
517 1294 721 1360 consolibus.
744 1295 841 1363 Multi
855 1295 990 1360 enimin
1007 1296 1077 1360 eius
1095 1296 1271 1359 transitum
1285 1295 1498 1384 psallentium
1593 1314 1598 1391 ΙΙ,

383 1397 559 1464 audierunt
590 1397 625 1462 in
651 1397 798 1484 caelum,
824 1399 915 1488 quod
939 1399 974 1463 in
1000 1396 1086 1462 libro
1112 1397 1271 1462 virtutum
1294 1399 1364 1462 eius
1390 1400 1498 1488 primo
1597 1391 1598 1400 ἵ

383 1499 514 1589 plenius
535 1501 759 1588 exposuimus
785 1503 867 1590 Nam
890 1499 1137 1589 oum'primitus
1162 1513 1297 1564 sanctus
1324 1499 1385 1565 Dei
1411 1501 1499 1591 apud
1514 1526 1542 1566 ιο

384 1601 649 1682 Condatensem,
666 1617 703 1668 ut
716 1602 875 1685 diximus,
893 1603 1001 1667 vicum
1023 1614 1195 1692 aegrotare
1211 1603 1397 1690 coepisset,
1419 1605 1498 1668 Pec·
1543 1609 1550 1624 ⁹

384 1703 448 1769 tavi
468 1704 583 1794 populi
595 1705 635 1769 ad
653 1707 724 1770 eius
743 1707 920 1770 transitum
939 1705 1025 1770 siout
1042 1705 1198 1770 Toronioi
1215 1717 1451 1771 convenerunt.
1471 1704 1484 1794 {l

267 1824 320 1873 Fol.
335 1824 371 1872 13.
384 1809 458 1890 Quo
473 1805 647 1897 migrante,
664 1809 801 1899 grandis
814 1806 984 1872 altercatio
999 1809 1033 1871 in
1045 1819 1222 1895 utrumque
1235 1807 1377 1873 surrexit
1392 1832 1499 1897 popu·

376 1909 463 1974 lum.
483 1910 649 1974 Dicebant
668 1909 756 1975 enim
773 1911 926 1975 Pectavi:
948 1912 1098 1976 «Noster
1113 1922 1165 1973 est
1180 1911 1381 1989 monachus,
1402 1910 1500 1974 nobis

385 2012 470 2076 abba
488 2012 614 2092 extitit,
632 2037 693 2077 nos
712 2013 912 2101 requirimus
932 2011 1212 2077 commendatum.
1235 2011 1497 2094 SufficiatvobiS,
1516 2038 1545 2076 15

385 2115 492 2204 quod,
514 2115 591 2178 dum
612 2127 701 2180 esset
722 2116 757 2179 in
783 2115 905 2180 mundo
928 2116 1141 2204 episcopum,
1161 2115 1212 2178 usi
1231 2113 1310 2178 estis
1333 2116 1404 2179 eius
1424 2139 1500 2180 con·

385 2217 516 2306 ioquin,
538 2215 764 2306 participastis
790 2219 958 2297 convivio,
986 2217 1106 2282 firmati
1126 2216 1235 2281 fuistis
1260 2217 1501 2282 benedictioni-

386 2320 465 2402 bus,
493 2320 631 2408 insuper
651 2333 684 2383 et
709 2320 887 2384 virtutibus
909 2318 1090 2384 iocundati.
1116 2317 1289 2384 Sufficiant
1308 2343 1387 2410 ergo
1406 2321 1502 2384 vobis

267 2421 448 2496 001,³5.ista
469 2421 595 2500 omnia,
620 2423 717 2486 nobis
748 2421 848 2486 liceat
870 2422 997 2486 auferre
1017 2423 1068 2486 vel
1089 2418 1241 2512 cadallver
1265 2421 1459 2486 exanimem.
1485 2451 1502 2486 n

386 2526 536 2590 adhaec
555 2525 711 2590 Toronici
731 2525 982 2614 respondebant
1001 2550 1008 2589 ε
1028 2552 1045 2586 «
1066 2525 1102 2590 Si
1120 2523 1280 2589 virtutum
1301 2523 1398 2589 nobis
1416 2525 1504 2590 facta
1519 2553 1551 2591 ao

387 2626 538 2692 sufficere
555 2625 683 2706 dicitis,
706 2628 842 2704 scitote,
865 2627 942 2715 quia
960 2624 1133 2691 vobiscum
1149 2625 1278 2714 positus
1293 2626 1433 2716 amplius
1452 2640 1507 2692 est

387 2755 485 2820 quam
507 2728 562 2794 hic
579 2741 750 2818 operatus.
775 2731 874 2809 Nam,
898 2741 932 2793 ut
952 2728 1202 2816 praemittamus
1223 2728 1384 2818 plurima,
1407 2730 1506 2794 vobis

387 2830 558 2898 suscitavit
575 2831 658 2896 duos
679 2845 846 2910 mortuos,
865 2832 962 2897 nobis
977 2855 1096 2910 unum;
1115 2843 1162 2912 et,
1179 2843 1217 2895 ut
1234 2830 1300 2920 ipsi
1318 2855 1396 2921 sepe
1411 2831 1506 2897 dice·

387 2937 460 3015 bat,
480 2935 584 2999 maior
603 2931 633 2998 ei
655 2934 759 2998 virtus
780 2947 856 2999 ante
876 2934 1105 3024 episcopatum
1121 2934 1199 3012 fuit,
1221 2958 1318 3022 quam
1334 2945 1411 3023 post
1432 2933 1506 3022 epi-

388 3049 571 3126 scopatum.
590 3039 678 3127 Ergo
692 3060 830 3102 necesse
846 3050 908 3116 est,
929 3037 1062 3126 utquod
1078 3036 1254 3101 nobiscum
1273 3061 1340 3101 non
1355 3035 1509 3124 implevit
1524 3064 1556 3104 25

386 3142 519 3220 vivens,
539 3139 670 3227 expleat
683 3139 734 3204 vel
754 3139 942 3204 defunctus.
956 3137 1060 3207 Vobis
1074 3152 1126 3204 est
1143 3140 1233 3204 enim
1247 3138 1391 3218 ablatus,
1406 3139 1508 3204 nobis

388 3269 406 3308 a
425 3247 496 3308 Deo
517 3242 670 3306 donatus
691 3240 806 3309 Virum
818 3240 940 3307 scimus
957 3241 1139 3331 antiquitus
1153 3241 1327 3306 institutus
1343 3253 1507 3322 servatur,

387 3345 422 3409 in
437 3346 520 3409 urbe
531 3369 596 3433 qua
615 3342 788 3409 ordinatus
809 3356 861 3409 est
878 3345 1017 3409 habebit
1034 3346 1105 3408 Deo
1118 3342 1256 3409 iubente
1277 3343 1507 3430 sepulchrum.

389 3449 487 3513 Certe
507 3447 534 3510 si
547 3469 608 3535 pro
624 3445 827 3511 monasterio
840 3445 1016 3537 privilegio
1032 3447 1160 3534 cupites
1180 3444 1368 3524 vindicare,
1386 3444 1511 3511 scitote

388 3549 465 3640 quia
485 3546 628 3636 primum
652 3550 681 3613 ei
705 3547 942 3614 monasterium
960 3572 1034 3613 cum
1062 3546 1371 3614 Mediolanensibus
1390 3547 1463 3612 fuit.
1491 3576 1509 3611 n
1530 3576 1561 3616 ao

389 3652 447 3719 His
468 3674 547 3742 ergo
574 3651 802 3742 litigantibus,
825 3651 874 3716 sol
895 3664 1012 3716 ruente
1032 3674 1098 3714 nox
1118 3650 1295 3730 clauditur,
1318 3673 1512 3739 corpusque

389 3756 423 3820 in
442 3752 552 3818 medio
570 3753 733 3842 positum,
756 3754 894 3818 firmatis
913 3777 1003 3818 serra
1022 3754 1135 3832 ostiis,
1156 3755 1198 3817 ab
1213 3765 1355 3842 utroque
1382 3755 1512 3841 populo

390 3854 588 3935 costoditur,
609 3857 756 3921 futurum
773 3868 811 3921 ut
828 3880 923 3920 mane
940 3856 1027 3919 facto
1049 3879 1066 3918 a
1086 3854 1345 3920 Pectavensibus
1362 3879 1422 3944 per
1440 3857 1513 3920 vio·

390 3957 526 4027 lentiam
553 3959 785 4024 auferreretur.
813 3958 880 4025 Sed
903 3961 993 4022 Deus
1023 3955 1236 4047 omnipotens
1260 3955 1368 4022 noluit
1389 3959 1513 4023 urbem

391 4065 589 4130 Toronicam
624 4087 642 4126 a
676 4062 813 4151 proprio
842 4062 1000 4126 frustrare
1031 4071 1183 4148 patrono.
1225 4059 1377 4148 Denique
1410 4074 1514 4126 nocte
1533 4089 1564 4128 35

392 4165 500 4231 media
533 4189 648 4230 omnes
681 4166 822 4229 Pectava
850 4188 966 4228 somno
995 4163 1126 4254 falanga
1156 4161 1415 4251 conpraemitur,
1445 4188 1515 4228 nee

392 4269 478 4335 ullus
500 4267 682 4358 superfuit,
702 4265 758 4358 qni
777 4292 816 4332 ex
835 4268 897 4331 hac
916 4264 1129 4333 multitudine
1144 4264 1307 4357 vigilaret.
1330 4265 1435 4356 Igitur
1451 4265 1516 4331 ubi
