3220 5158
425 475 589 527 HISTORIAE
606 477 805 528 FRANCOIIUM
824 477 919 528 LIBER
936 479 980 527 III.
1235 481 1263 526 75

390 818 579 884 INCIPIT
610 819 760 886 LIBER
789 821 1016 894 TERTIUS.

190 1049 326 1132 Vellim,
353 1053 380 1116 si
402 1052 536 1144 placet,
557 1079 737 1144 parumper
762 1055 930 1135 conferre,
953 1077 1037 1145 quae
1060 1051 1261 1148 Christiani-s
1275 1065 1328 1114 Col.
1346 1065 1399 1114 103.

145 1153 277 1218 beatam
304 1155 541 1222 confitentibus
569 1157 765 1224 Trinitatem
791 1181 954 1246 pruspera
982 1154 1207 1222 successerint
1231 1168 1264 1219 et

145 1279 231 1344 quae
264 1258 421 1324 hereticis
453 1261 592 1325 eandem
633 1259 864 1326 scindentibus
897 1257 1020 1324 fuerint
1052 1258 1087 1323 in
1120 1257 1261 1323 ruinam.

113 1359 345 1424 somniamus
360 1374 485 1442 autern,
504 1363 647 1452 qualiter
659 1363 749 1428 illam
767 1363 933 1427 Abraham
953 1372 1130 1426 veneratur
1150 1360 1190 1425 ad
1210 1358 1264 1425 ili-

145 1485 236 1542 cem,
255 1464 354 1528 Iacob
371 1465 543 1554 praedieat
562 1465 596 1532 in
621 1460 909 1546 benedictionem,
933 1467 1066 1554 Moyses
1088 1464 1275 1555 cognoscit

144 1563 181 1628 in
197 1577 342 1644 sentem,
359 1567 521 1658 populum
535 1569 686 1659 sequitur
704 1567 739 1634 in
755 1570 877 1634 nubem
892 1565 1099 1657 eandemque
1115 1567 1264 1656 paviscet

136 1666 181 1731 in
197 1681 360 1749 montem,
379 1671 431 1735 vel
448 1672 591 1760 qualiter
614 1697 685 1737 eum
710 1672 820 1737 Aaron
845 1684 956 1762 portat
982 1670 1017 1736 in
1038 1668 1265 1761 logium,'aut
1341 1748 1343 1753 Α

143 1769 253 1835 David
271 1770 469 1839 vaticinatur
486 1774 521 1839 in
538 1775 718 1865 psalmum,
742 1799 839 1840 orans
858 1774 1017 1840 innovare
1033 1772 1264 1864 perspiritum

96 1895 124 1935 10
142 1886 285 1955 rectum,
305 1900 367 1941 nec
388 1877 451 1942 sibi
465 1879 594 1944 auferre
613 1879 766 1968 spiritum
785 1890 947 1960 sanctum,
968 1891 1067 1966 atque
1090 1901 1125 1942 se
1146 1877 1263 1942 confir·

142 2001 236 2042 mare
260 2003 320 2068 per
343 1971 495 2069 spiritum
523 1980 755 2072 principalem.
782 1984 905 2072 Magno
934 1993 967 2046 et
990 1979 1046 2045 hic
1073 2004 1135 2070 ego
1162 2004 1263 2045 cerno

142 2077 324 2164 mysterio,
345 2079 435 2166 quod
456 2079 604 2159 scilicet,
626 2105 724 2170 quem
748 2079 889 2144 heretici
908 2079 1070 2145 minorem
1091 2091 1261 2158 asserunt,

142 2177 365 2270 principalem
376 2205 438 2245 vox
452 2183 648 2271 prophetica
664 2182 844 2247 nunciavit.
858 2182 924 2248 Scd
941 2183 1035 2262 haec,
1053 2193 1090 2245 ut
1104 2179 1260 2259 diximus,

144 2277 285 2356 omissa,
312 2279 352 2343 ad
375 2291 660 2371 nostratempora
684 2293 897 2346 revertamur.
922 2279 1038 2345 Arrius
1066 2278 1172 2358 enim,
1205 2278 1262 2367 qui

99 2412 125 2450 15
142 2381 244 2448 huius
270 2378 404 2469 iniquae
437 2394 545 2446 sectae
583 2382 711 2472 primus
741 2382 965 2471 in[i]quosque
996 2381 1151 2446 inventor
1179 2381 1260 2459 fuit,

23 2475 27 2503 ²
142 2482 305 2548 interiora
315 2482 350 2546 in
360 2507 527 2547 secessum
541 2483 705 2574 deposita,
718 2482 937 2560 infernalibus
950 2481 1085 2573 ignibus
1095 2482 1260 2562 subditur,

143 2585 290 2653 Hilarius
306 2610 384 2652 vero
405 2587 521 2651 beatus
537 2585 728 2653 individuae
748 2585 921 2653 TrInitatis
940 2587 1098 2651 defensor
1111 2581 1264 2675 propllter
1275 2604 1329 2652 col.
1344 2604 1395 2650 tot.

142 2693 230 2755 hanc
251 2689 285 2754 in
306 2689 440 2755 exilium
456 2687 606 2770 deditus,
625 2703 658 2756 et
675 2693 801 2780 patriae
817 2704 849 2757 et
867 2688 1022 2780 paradiso
1043 2699 1259 2754 restauratur.

144 2797 237 2858 Hanc
251 2791 507 2858 Chlodovechus
519 2817 576 2857 rex
592 2793 777 2874 confessus,
787 2794 879 2884 ipsos
892 2791 1060 2857 hereticos
1076 2790 1116 2855 ad
1132 2789 1263 2854 adiuto-

97 2924 127 2962 20
145 2895 230 2962 rium
243 2894 313 2960 eius
326 2893 494 2985 oppressit
509 2920 715 2986 regnumque
730 2922 825 2962 suum
839 2920 899 2986 per
909 2908 996 2960 totas
1010 2892 1134 2961 Gallias
1149 2892 1263 2957 dilata-

143 2998 191 3063 vit
201 3027 208 3077 ;
220 2997 370 3063 Alaricus
385 2999 470 3062 hanc
484 2997 654 3089 denegans
668 3023 685 3063 a
697 3023 801 3090 regno
813 3011 847 3063 et
862 2997 987 3088 populo
1005 3010 1103 3086 atque
1119 2997 1159 3061 ab
1176 2995 1260 3085 ipsa,

145 3101 236 3191 quod
254 3099 358 3192 magis
377 3114 443 3181 est,
467 3101 533 3167 vita
555 3102 714 3167 multatur
738 3114 882 3167 aeterna.
913 3099 1075 3167 Dominus
1100 3112 1209 3163 autem
1228 3123 1262 3162 se

144 3229 220 3268 vere
231 3203 459 3283 credentibus,
482 3203 544 3269 etsi
564 3203 744 3270 insidiante
759 3203 896 3269 inimico
912 3202 1022 3292 aliqua
1040 3201 1194 3291 perdant,
1207 3201 1262 3265 hic

145 3306 376 3396 centuplecata
394 3305 555 3386 restituit,
571 3306 711 3371 heretici
726 3331 804 3370 vero
823 3331 884 3371 nec
903 3305 1110 3393 adquaerunt
1128 3301 1258 3384 meliuS,
1362 3376 1364 3380 ,

98 3437 129 3476 25
146 3410 205 3474 sed
225 3409 314 3498 quod
339 3407 494 3473 videntur
520 3410 665 3489 habere,
697 3410 845 3474 aufertur
870 3405 989 3473 abeis
1017 3406 1174 3473 Probavit
1197 3407 1262 3471 hoc

146 3509 350 3600 Godegisili,
379 3509 581 3576 Gundobadi
606 3523 704 3599 atque
730 3509 910 3576 Godomari
940 3507 1111 3589 interitus,
1148 3507 1204 3596 qui
1230 3520 1264 3572 et

145 3612 285 3703 patriam
303 3612 400 3678 simul
416 3626 450 3678 et
464 3611 590 3678 animas
611 3613 839 3702 perdiderunt.
863 3615 931 3679 Nos
948 3635 1026 3676 vero
1044 3635 1145 3675 unum
1162 3621 1261 3699 atque

143 3713 346 3781 invisibilem
367 3728 400 3780 ct
417 3718 623 3796 inmensum,
646 3715 1050 3805 inconpraehensibilem,
1078 3713 1260 3794 incletum,

144 3843 327 3909 perennem
360 3831 458 3908 atque
486 3832 684 3909 perpetuum
714 3822 820 3914 Deum
854 3819 1063 3900 confitemur,
1097 3842 1199 3881 unum
1228 3817 1263 3881 in

100 3921 307 3987 aoTrinitate
327 3935 465 4010 propter
489 3946 706 4012 personarum
735 3947 927 4003 numerum,
954 3923 989 3988 id
1016 3936 1067 3988 est
1094 3921 1202 3988 Patris
1230 3935 1263 3988 et

143 4024 207 4092 Fili
225 4038 258 4089 et
276 4023 420 4114 Spiritus
440 4026 562 4106 sancti;
577 4024 774 4090 confitemur
787 4038 820 4091 et
835 4025 960 4090 trinum
977 4025 1011 4090 in
1027 4025 1153 4091 unitate
1162 4051 1261 4116 prop-

144 4141 195 4193 ter
215 4121 433 4219 personarum
456 4153 646 4208 numerum,
669 4128 704 4193 id
727 4140 778 4192 est
797 4128 905 4194 Patris
927 4141 959 4194 et
975 4127 1038 4194 Fili
1060 4142 1093 4194 et
1116 4127 1262 4219 Spiritus

145 4230 268 4311 sancti;
288 4229 502 4309 confitemur,
525 4243 558 4295 et
573 4228 696 4295 trinum
714 4229 748 4295 in
770 4231 896 4296 unitate
924 4245 1062 4322 propter
1082 4231 1261 4321 aequalita-

144 4346 210 4398 tem
230 4331 454 4414 substantiae,
483 4334 635 4415 deitatis,
666 4333 927 4423 omnipotentiae
945 4333 997 4398 vel
1023 4332 1173 4414 virtutis,
1204 4335 1261 4422 qui
