3226 5156
382 467 384 472 ’
409 467 573 521 ulsToulru
590 435 790 522 Fatucouun
807 475 904 522 LIBER
922 475 963 522 lv.
1205 473 1247 519 133

132 588 678 678 diripien'tespraedas,captivos
701 590 905 657 abducentes
924 589 975 655 vel
1003 590 1101 656 etiam
1126 601 1245 655 cuncta

132 704 310 758 vastantes.
348 691 444 774 Quod
478 715 552 756 cum
577 693 776 757 Mummolus
807 691 1028 782 conperisset,
1065 690 1246 756 exercitum

133 795 251 873 movit,
273 793 477 882 inruensque
498 817 599 881 super
623 815 698 873 eos,
716 795 819 859 multa
834 793 887 858 his
906 793 1026 859 similia
1041 791 1200 858 interficit
1215 805 1248 857 et

134 919 239 985 usque
257 893 271 987 ll
289 896 329 960 ad
344 915 519 984 vesperum
536 896 674 961 caedere
692 921 759 961 non
777 895 914 976 distitit,
936 897 1044 961 donec
1065 919 1130 959 nox
1150 895 1248 960 finem
1260 902 1314 955 Cot.
1327 901 1379 948 184-

103 999 267 1064 efaceret.
296 1001 434 1087 Ignaros
464 998 550 1061 enim
584 997 747 1086 reperiret
769 997 923 1063 homines
949 1011 983 1062 et
1009 997 1093 1062 nihil
1126 997 1167 1061 de
1196 996 1248 1061 his

133 1125 217 1192 qnae
237 1112 452 1165 accesserunt
471 1112 693 1164 autumantes.
717 1103 814 1166 Mane
838 1114 947 1165 autem
966 1100 1070 1178 lacto,
1099 1111 1249 1164 statuunt

134 1207 283 1270 Saxones
299 1201 492 1282 exercitum,
517 1215 754 1292 praeparantes
774 1227 809 1268 se
829 1203 870 1267 ad
891 1203 1031 1282 bellum3
1051 1191 1127 1279 sed,
1147 1201 1248 1266 inter-

133 1307 346 1371 currentibus
365 1304 511 1384 nuntiis,
531 1329 646 1392 pacem
676 1305 845 1384 fecerunt,
861 1305 1028 1393 datisque
1054 1303 1247 1370 muneribus

132 1409 334 1488 Mummolo‚
356 1407 472 1473 relicta
489 1408 641 1472 universa
657 1407 805 1498 regionis
820 1408 943 1496 praeda
962 1431 1036 1472 cum
1057 1407 1214 1494 captivis,
1236 1405 1249 1499 ΙΙ

91 1537 118 1576 ru
132 1513 379 1588 discesserunt,
400 1508 548 1574 iurantes
569 1511 681 1599 prius,
704 1511 793 1599 quod
812 1510 851 1574 ad
871 1507 1113 1575 subiectionem
1134 1532 1248 1597 regum
1260 1530 1313 1578 For.
1328 1535 1364 1581 55.

132 1612 354 1702 solatiumque
378 1614 582 1678 Francorum
610 1611 907 1677 rediredeberent
931 1613 965 1676 in
988 1609 1116 1676 Galliis.
1144 1612 1249 1700 Igitur

133 1717 278 1806 regressi
308 1718 456 1781 Saxones
487 1714 520 1778 in
554 1714 700 1795 Italiam,
736 1712 922 1803 adsumptis
948 1737 1063 1778 secum
1089 1712 1248 1780 uxoribus

132 1831 232 1908 atque
255 1815 401 1907 parvulis
425 1819 477 1883 vel
510 1818 600 1883 omni
625 1817 845 1906 suppelectile
868 1814 1055 1894 facultatis,
1079 1813 1187 1879 redire
1213 1815 1247 1880 in

132 1919 251 1987 Galliis
269 1919 495 2001 destinantes,
515 1919 644 1986 seilicet
660 1932 729 1984 uta
751 1921 930 2010 Sygiberto
946 1943 1024 2009 rege
1043 1917 1191 1996 collecti,
1215 1917 1248 1982 in
1329 2004 1334 2016 .

95 2050 118 2088 rs
133 2024 208 2089 loco
230 2024 319 2088 unde
341 2017 467 2113 egressi
493 2024 623 2088 fuerant
643 2022 883 2087 stabilirentur.
903 2025 1136 2108 Feceruntque
1156 2043 1196 2084 ex
1214 2045 1248 2084 se

132 2128 230 2204 duos,
245 2137 283 2191 ut
295 2127 398 2204 aiunt,
413 2149 556 2205 cuneos;
574 2125 720 2191 etunius
739 2124 874 2214 quidem
891 2148 951 2213 per
966 2123 1100 2190 Niceam
1119 2123 1246 2200 urbem,

132 2242 166 2294 et
183 2228 267 2293 alius
282 2251 360 2292 vero
371 2253 439 2317 *per
454 2227 721 2294 Ebredunensim
736 2227 840 2306 venit,
853 2226 944 2291 illam
957 2250 1079 2291 revera
1095 2238 1247 2292 tenentes

132 2333 234 2410 viam,
259 2353 356 2420 quam
380 2355 467 2396 anno
496 2331 668 2420 superiore
686 2342 883 2408 tenuerant;
908 2328 1145 2416 coniunctique
1172 2340 1248 2393 sunt

132 2433 167 2502 iu
182 2433 354 2498 Avennico
374 2433 557 2498 territorio.
579 2437 658 2499 Erat
677 2433 766 2499 enim
784 2445 863 2496 tunc
875 2444 1007 2519 tempus
1023 2429 1196 2510 messium,
1215 2443 1248 2495 et

92 2535 226 2602 calceus
260 2535 316 2600 illc
339 2536 479 2600 maxime
509 2536 635 2604 fructos
665 2547 772 2599 terrae
799 2534 861 2599 sub
892 2531 967 2598 divo
994 2532 1157 2606 habebat,
1188 2557 1248 2598 nec

133 2639 310 2728 quicquam
330 2662 370 2702 ex
389 2639 440 2702 his
462 2639 550 2703 domi
569 2638 699 2704 incolae
720 2635 954 2701 reconderant.
977 2633 1130 2724 Denique
1153 2659 1247 2699 acce-

133 2743 250 2806 dentes
270 2740 342 2820 his,
375 2754 531 2830 aegentes
554 2741 642 2805 inter
665 2764 700 2803 se
727 2737 899 2816 dividunt3
919 2736 1191 2826 collegeutcsque
1211 2759 1247 2802 ac

132 2841 325 2908 triturantes
341 2843 505 2908 frumenta
521 2842 755 2920 comedebant,
774 2838 857 2904 nihil
879 2864 919 2903 ex
937 2839 990 2902 his
1011 2839 1058 2902 eis
1078 2839 1135 2926 qui
1155 2838 1248 2902 labo·

134 2956 284 3010 raverant
298 2941 542 3033 relinquentes
556 2947 678 3012 Verum
694 2955 884 3032 postquam,
901 2942 1055 3030 expensis
1071 2939 1245 3019 fructibus,

94 3072 119 3110 ss
134 3047 173 3111 ad
193 3039 272 3111 litus
296 3047 427 3112 Rodani
451 3049 557 3112 amnis
576 3057 808 3124 accesserunt,
826 3058 880 3124 ut,
900 3055 1068 3109 transacto
1082 3055 1245 3122 torrente,

133 3173 236 3240 regno
257 3174 291 3214 se
309 3150 378 3240 regi
400 3151 571 3241 sygiberti
585 3148 792 3229 conferrent,
814 3138 1028 3212 occurrit'eis
1047 3145 1247 3211 Mummolus

133 3251 248 3317 dicens
268 3279 274 3314 :
297 3279 313 3314 a
334 3255 410 3318 Non
434 3251 621 3317 transibitis
646 3262 828 3315 torrentem
848 3252 949 3314 hunc.
975 3251 1060 3313 Ecce
1077 3250 1247 3339 regionem

133 3351 259 3418 domini
293 3353 357 3418 mei
402 3356 491 3445 regis
524 3351 717 3442 depopulati
749 3351 840 3429 estis,
878 3350 1061 3440 collegistis
1098 3364 1245 3442 segetes,

133 3480 254 3544 pecora
277 3456 491 3535 devastastis,
521 3454 707 3520 tradidistis
725 3454 843 3518 domos
864 3452 1047 3530 incendiis,
1074 3453 1193 3519 oliveta
1210 3481 1246 3520 ac

95 3583 120 3621 aa
133 3558 235 3623 vinita
254 3557 460 3624 succidistis!
479 3562 553 3624 Non
568 3555 760 3636 ascenditis,
779 3555 844 3620 nisi
864 3553 1072 3620 satisfaciatis
1086 3547 1177 3644 prius
1195 3556 1248 3621 his

134 3685 217 3750 quos
237 3658 374 3750 exiguos
391 3660 590 3749 reliquistis3
608 3658 755 3749 alioquin
772 3683 838 3723 non
850 3650 997 3748 effugitis
1014 3681 1130 3722 manus
1144 3682 1245 3739 meas,

134 3764 197 3827 nisi
213 3785 334 3850 ponam
350 3761 499 3852 gladium
520 3785 692 3850 supervos
709 3773 742 3823 et
760 3783 880 3823 uxores
898 3783 935 3822 ac
950 3759 1104 3846 parvulos
1119 3772 1246 3823 vestros

134 3876 166 3927 et
191 3860 335 3927 ulciscar
365 3862 520 3926 iniuriam
551 3860 678 3926 domini
718 3859 780 3924 mci
818 3859 1061 3926 Guntchramni
1093 3858 1193 3950 regis.
1229 3889 1245 3924 a

134 3968 226 4030 'lunc
252 3962 301 4027 illi
321 3963 477 4028 timentes
502 3963 615 4043 valde,
643 3963 656 4052 ΙῙ
682 3965 801 4029 dantes
825 3961 926 4025 multa
953 3959 1150 4025 numismata
1177 3964 1314 4054 auricol.
1334 3979 1386 4026 lus.

93 4093 119 4130 as
133 4065 221 4129 milia
249 4089 310 4154 pro
339 4063 569 4152 redemptione
595 4088 665 4143 sua,
688 4062 830 4128 transire
850 4059 1003 4150 permissi
1025 4073 1120 4139 suut3
1147 4062 1247 4126 etsie
1331 4063 1333 4070 ⁴

134 4169 283 4234 Arverno
302 4179 536 4257 pervenerunt.
568 4169 647 4231 Erat
667 4180 904 4238 tuncuernum
927 4176 1068 4253 tempus.
1099 4164 1248 4228 Prolere-
1337 4179 1340 4186 '

134 4273 215 4337 bant
228 4265 276 4334 ibi
293 4268 424 4360 regulas
437 4271 521 4334 aeris
537 4269 659 4334 incisas
675 4294 735 4359 pro
753 4259 832 4332 aure
844 4294 851 4345 ;
863 4290 943 4355 quas
954 4257 1105 4355 quisquis
1118 4264 1247 4346 videns,

135 4397 200 4436 non
233 4370 407 4436 dubitabat
441 4370 547 4446 aliud,
571 4361 643 4433 ¹nisi
681 4369 770 4457 quod
798 4391 913 4432 aurum
943 4367 1120 4454 probatum
1151 4380 1250 4454 atque
