3226 5156
344 371 348 396 '
366 404 408 450 uu
647 398 804 457 aaneoan
822 398 1029 450 innormare
1044 399 1194 454 arrsuorr

393 519 424 588 7.ΙΙ
433 516 517 578 Igitur
526 529 722 588 cumicousensu
731 513 885 586 clericorum
897 515 930 565 ad
943 515 1123 588 episcopatum
1130 515 1227 588 electus
1238 551 1244 571 ,
1257 529 1316 564 cum
1330 515 1414 588 adhuc
1426 529 1486 586 noa

363 575 680 652 ordmatustcunctrslipso
693 583 833 686 praeesset,
849 573 959 625 Cautin'o
972 565 1153 651 arebrdraconq
1164 577 1284 651 divorsas
1297 578 1381 651 minas
1392 583 1480 626 ruten-

363 641 424 689 dere
436 646 533 714 coepit,
547 641 635 688 diceus
650 656 690 712 ².“.
717 656 750 702 go
762 645 788 687 to
800 637 951 695 remorebo,
966 656 1016 704 ego
1034 645 1059 686 ta
1077 639 1236 697 humiliabo,
1250 656 1298 703 ego
1316 639 1365 688 trbr
1376 640 1479 688 'multas

362 719 438 752 neces
448 702 564 812 rmqendi
576 717 744 766 praecipiam.
759 718 771 748 r
785 701 832 750 Cui
845 701 889 749 ille
903 717 908 749 :
922 719 935 749 «
949 702 1080 764 Gratiam,
1091 703 1191 776 inquit,
1205 709 1291 759 tuam,
1305 703 1398 751 domuc
1411 702 1478 766 piis·

364 767 441 822 sime,
454 763 488 813 ha
508 781 550 812 ere
562 759 695 820 desidero;
712 779 792 828 quam
811 763 833 811 si
846 763 963 821 mereor,
981 779 1062 812 unum
1082 765 1130 812 trbr
1154 765 1309 812 beneficium
1320 763 1475 829 praestabo.
1496 760 1512 798 5

364 828 424 876 Sine
434 828 489 876 ullo
501 827 570 876 enim
581 827 671 876 labore
686 833 731 874 tuo
744 833 769 874 ct
780 827 879 890 ubsque
888 827 942 875 ullo
955 827 1015 874 dolo
1025 842 1073 890 ego
1083 827 1116 874 ad
1124 843 1213 892 regem
1223 833 1367 892 pergamet
1377 827 1480 890 cpisco-

363 889 454 954 patum
464 887 513 938 tibi
527 889 673 946 obtineam,
687 887 753 936 nihil
788 889 872 947 cteris,
892 889 952 936 nisi*
960 905 1111 953 promerear
1125 889 1238 953 gratiam
1249 895 1330 938 tuam.
1352 905 1364 936 u
1380 891 1412 936 tlt
1433 886 1479 936 illa

364 953 513 1016 suspicans,
527 967 591 1000 eum
601 952 652 1001 sibi
661 952 728 1000 valla
740 906 870 1010 inludere,
880 952 945 1000 haec
954 951 1030 1002 valde
1040 951 1166 1014 despexit.
1180 953 1227 1000 llic
1236 967 1298 1000 vero
1309 965 1369 1000 curn
1381 967 1408 999 se
1420 967 1478 1014 cer·
1512 983 1515 992 .

363 1021 436 1063 neret
447 1015 581 1062 humiliari
594 1021 671 1079 atque
683 1014 829 1062 calumniae
841 1013 951 1072 subieci,
971 1014 1096 1077 languore
1113 1014 1249 1070 simulato,
1270 1020 1296 1061 et
1315 1031 1361 1080 per
1378 1019 1480 1062 noctem

363 1075 495 1125 civitatem
516 1076 666 1140 egrediens,
691 1075 911 1125 Theodovaldum
924 1089 1014 1140 regem
1040 1076 1128 1140 petiit,
1157 1076 1315 1124 adnuntians
1338 1075 1480 1124 transitum
1497 1076 1527 1115 ¹⁰

364 1140 447 1192 sancti
460 1139 537 1190 Galli.
552 1138 625 1196 Quod
634 1139 813 1202 illelaudiens,
827 1139 869 1187 vel
879 1139 923 1204 qui
932 1155 993 1186 cum
1001 1155 1031 1186 eo
1041 1145 1127 1202 erant,
1139 1139 1287 1188 convocatis
1300 1138 1480 1200 sacerdotibus

364 1201 434 1267 apud
444 1201 585 1253 Metensem
596 1199 743 1256 civitatem,
754 1198 879 1252 Cuntinus
893 1197 1091 1249 archidiaconus
1102 1201 1240 1265 episcopus
1254 1199 1399 1250 ordinatur.
1414 1197 1480 1248 Cum

363 1263 594 1313 autom.venissent
609 1263 692 1312 nuntii
708 1263 813 1312 Catonis
830 1263 982 1327 presbiteri,
1003 1263 1046 1311 hic
1057 1263 1110 1310 iam
1126 1263 1265 1328 episcopus
1277 1270 1341 1312 erat.
1360 1263 1431 1310 Tunc
1449 1277 1481 1310 ex

231 1333 284 1382 Col.
299 1334 352 1382 147.
362 1327 437 1376 iussu
447 1342 474 1376 re
496 1327 517 1374 is
528 1329 539 1386 ΙΙ
549 1326 654 1374 traditis
664 1327 687 1374 ei
701 1326 803 1374 clericis
812 1332 837 1373 et
847 1326 947 1383 omnia,
964 1341 1030 1390 quaa
1041 1326 1069 1373 bi
1081 1324 1112 1373 de
1126 1323 1204 1374 rebus
1218 1325 1342 1374 ecclesiae
1355 1325 1480 1374 exhibue-

363 1396 435 1446 rant;
446 1405 461 1436 o
494 1388 624 1452 inatisque
637 1389 751 1453 quicum
762 1388 853 1436 eodem
864 1403 973 1462 pergere
990 1388 1113 1436 deberent
1125 1387 1256 1452 episcopis
1271 1395 1296 1436 et
1312 1387 1477 1445 camerariis,
1498 1389 1526 1428 15

362 1454 478 1500 Arverno
488 1467 547 1500 eum
558 1449 715 1502 direxerunt.
729 1451 778 1508 Qui
791 1451 915 1499 aclerrcis
928 1457 953 1498 et
965 1449 1065 1504 civibus
1078 1451 1190 1498 libenter
1199 1466 1259 1498 exce
1279 1456 1331 1507 tus,
1340 1450 1479 1516 episcopus

362 1513 484 1564 Arvernis
495 1519 533 1561 est
546 1512 630 1561 datus.
643 1512 755 1563 Grandis
764 1519 856 1577 postea
865 1513 1029 1576 interipsum
1037 1519 1061 1560 et
1071 1511 1195 1562 Catonem
1207 1529 1266 1577 pres
1288 1513 1381 1561 iterum
1390 1510 1480 1560 inimi-

362 1576 438 1624 citiue
450 1583 522 1624 ortae
535 1579 607 1632 sunt,
620 1576 681 1640 quia
696 1575 785 1623 nullus
801 1591 925 1640 umquam
941 1575 1027 1640 potuit
1038 1577 1140 1624 flectcre
1157 1575 1294 1631 Catonem,
1308 1581 1337 1623 ut
1356 1575 1479 1639 episcopo

363 1655 409 1687 suo
423 1638 543 1688 subditus
555 1645 632 1698 esset.
645 1639 711 1686 Nam
723 1635 816 1685 divisio
828 1635 980 1686 clericorum
994 1639 1062 1686 lacta
1074 1644 1125 1696 est,
1139 1637 1221 1704 etalii
1234 1637 1343 1687 Cautiuo
1355 1637 1479 1702 episcopo

363 1707 437 1750 erant
449 1699 561 1756 subditi,
575 1699 621 1748 alii
638 1699 728 1748 Catoni
742 1700 901 1764 presbitero:
921 1700 990 1763 quod
1002 1701 1040 1748 eis
1059 1701 1108 1748 fuit
1125 1698 1267 1748 maximum
1284 1699 1477 1748 detrimentum.
1494 1701 1524 1740 2⁰

364 1761 489 1811 Cuntinus
509 1769 597 1811 autem
606 1763 744 1826 episcopus
757 1762 848 1811 videns
865 1778 924 1810 cum
937 1762 1009 1810 nulla
1021 1763 1120 1811 ratione
1130 1778 1208 1826 posse
1218 1762 1299 1820 flecti,
1309 1769 1337 1810 ut
1350 1761 1400 1812 sibi
1410 1768 1481 1810 essct

322 1844 325 1850 ¹
340 1873 342 1884 ,
363 1823 492 1882 subditus,
502 1831 555 1874 tum
568 1823 591 1874 ei
605 1841 684 1888 quam
694 1825 785 1873 amicis
797 1825 852 1872 eius
865 1824 906 1873 vel
919 1825 1074 1889 quicumque
1086 1825 1110 1873 ei
1121 1825 1326 1882 consentiebant,
1339 1839 1428 1872 ornnes
1437 1840 1480 1873 res

363 1887 486 1936 ecclesiae
498 1886 608 1936 abstulit
617 1887 772 1950 reliquitque
784 1903 828 1935 eos
839 1887 929 1934 inanes
940 1902 969 1934 ac
979 1903 1083 1935 vacuos.
1098 1887 1259 1951 Quicumque
1271 1894 1358 1936 tamen
1370 1902 1400 1936 ex
1412 1885 1479 1951 ipsis

363 1951 396 2000 a'd
408 1966 467 1999 eum
480 1949 705 2009 convertebantur,
718 1950 813 1998 iterum
825 1949 894 2014 quod
905 1949 1074 2014 perdiderant
1085 1950 1254 2014 recipiebant.

406 2092 512 2181 Vlss).
546 2093 719 2184 Regnantc
750 2115 828 2157 vero
862 2093 1011 2183 Agylanc
1037 2093 1127 2182 apud
1163 2093 1376 2184 Hispaniam,
1403 2117 1525 2159 cumas

364 2196 488 2287 populo
506 2193 701 2286 gravissimo
717 2193 954 2263 dominationis
975 2213 1052 2262 suae
1066 2195 1144 2287 iugo
1166 2209 1335 2277 attereret,
1356 2195 1480 2262 exerci-

363 2313 417 2363 tus
434 2298 644 2387 imperatoris
664 2297 841 2389 Hispanias
861 2310 913 2363 est
929 2298 1103 2390 ingressus
1128 2311 1161 2364 et
1181 2298 1330 2364 civitates
1351 2298 1480 2390 aliquas

363 2400 519 2490 pervasit.
549 2401 728 2466 Interfecto
754 2413 863 2468 autem
881 2401 1046 2492 Agylanc,
1072 2400 1315 2493 Athanagildus
1341 2426 1482 2492 regnum

364 2499 434 2594 eius
451 2505 589 2592 accepit.
611 2499 674 2586 Qui
693 2502 795 2568 multa
812 2504 899 2569 bellu
914 2517 1029 2569 contra
1048 2503 1158 2593 ipsum
1169 2502 1350 2569 exercitum
1366 2516 1483 2593 postea

364 2604 433 2696 egit
454 2616 486 2669 et
505 2629 561 2669 eos
581 2606 776 2694 plerumque
792 2605 933 2686 devicit,
954 2605 1187 2694 civitatesque,
1208 2629 1290 2695 quas
1308 2605 1392 2669 mule
1407 2629 1482 2694 per·
1497 2631 1527 2668 su

363 2720 533 2788 vaserunt,
551 2720 699 2797 exparte
720 2707 873 2773 auferens
884 2708 926 2773 de
942 2720 1109 2797 potestate
1128 2732 1255 2774 eorum.

407 2891 450 2958 Vl
465 2891 517 2978 (9).
540 2889 794 2956 Theodovaldus
813 2914 892 2956 vero
911 2914 985 2956 cum
1007 2889 1072 2954 iam
1091 2888 1223 2955 adultus
1238 2901 1340 2968 esset,
1357 2888 1481 2958 Valde-

364 2992 516 3059 thradam
541 2990 635 3057 duxit
658 3015 805 3056 uxorem.
839 2994 934 3056 Hunc
964 2990 1236 3057 Theodovaldum
1265 2991 1376 3056 ferunt
1402 2991 1481 3055 mali

364 3093 466 3160 fuisse
490 3092 634 3184 ingenii,
666 3092 710 3157 ita
737 3106 773 3158 ut
797 3093 901 3158 iratus
925 3093 1073 3173 cuidam,
1101 3118 1199 3183 quem
1219 3107 1410 3183 suspectum
1439 3093 1482 3160 de

365 3197 464 3261 rebus
491 3194 559 3262 suis
583 3197 747 3274 habebat,
769 3195 913 3260 fabulam
931 3195 1093 3286 lingeret,
1112 3195 1258 3264 dicens:
1285 3221 1301 3256 u
1333 3199 1481 3286 Serpens
1496 3223 1525 3261 aa

365 3297 543 3387 ampullam
561 3295 639 3362 vino
660 3298 791 3386 plenam
811 3297 971 3386 repperit.
992 3301 1056 3363 Per
1070 3299 1168 3362 huius
1186 3296 1275 3363 enim
1292 3322 1330 3362 os
1350 3296 1482 3388 ingres·

231 3425 286 3474 Col.
300 3421 353 3472 148,
366 3423 438 3480 sus,
464 3397 554 3487 quod
577 3398 667 3464 intus
692 3401 878 3464 habebatur
905 3399 1020 3465 avidus
1046 3399 1167 3465 hausit.
1197 3399 1309 3489 Aquo
1334 3398 1483 3488 inllalltus

364 3500 459 3580 vino,
474 3501 567 3566 exire
587 3525 647 3590 per
661 3501 806 3581 aditum,
827 3525 893 3592 quo
914 3501 1085 3592 ingressus
1104 3502 1229 3582 luerat,
1253 3525 1320 3566 uon
1337 3502 1478 3569 valebat.

364 3600 511 3670 Veniens
538 3625 617 3666 vero
640 3601 709 3666 vini
736 3601 910 3683 dominus,
937 3627 1012 3668 cunr
1038 3602 1094 3668 illc
1121 3603 1211 3668 exire
1236 3603 1399 3688 niteretur
1419 3628 1482 3668 nec

366 3705 490 3792 possit,
511 3703 557 3768 ait
576 3703 616 3769 ad
633 3717 824 3794 serpentem
848 3729 855 3769 :
879 3732 896 3770 u
917 3708 1039 3772 Evomc
1058 3703 1151 3794 prius
1172 3706 1262 3795 quod
1281 3705 1480 3796 ingluttisti‚
1497 3734 1525 3772 su

368 3818 401 3870 et
415 3817 495 3870 tunc
518 3805 645 3894 poteris
668 3805 842 3872 abscidere
871 3806 967 3872 liber.
993 3832 1009 3870 a
1034 3810 1125 3891 Quae
1149 3807 1258 3872 fabula
1276 3830 1432 3898 magnum
1452 3808 1482 3873 ei

338 3923 340 3931 ’
367 3907 520 3973 timorem
538 3905 697 3974 etodium
716 3906 936 3998 praeparavit.
959 3911 1029 3976 Sub
1044 3934 1083 3974 eo
1102 3909 1191 3974 enim
1210 3922 1244 3975 et
1259 3908 1481 3989 Buccelenus‚

368 4033 442 4074 cum
459 4022 562 4075 totam
577 4009 704 4076 ltaliam
722 4008 756 4073 in
774 4012 977 4076 Francorum
993 4035 1097 4102 regno
1113 4009 1310 4101 redigisset,
1324 4011 1484 4078 aNarsite

365 4113 561 4179 interfectus
582 4123 649 4191 cst,
670 4108 764 4176 ltalia
772 4112 816 4176 'ad
835 4125 963 4201 partem
983 4112 1194 4206 imperatoris
1210 4125 1321 4204 capta,
1344 4135 1406 4178 nec
1421 4113 1484 4179 tuit

368 4211 513 4305 quicum
532 4215 620 4282 ultra
635 4213 810 4304 reciperet.
832 4216 902 4280 Sub
923 4217 1022 4284 huius
1041 4228 1190 4306 tempore
1208 4239 1286 4283 uvas
1309 4214 1344 4280 in
1365 4215 1484 4282 arbore
1499 4245 1527 4284 ss

368 4341 465 4406 quam
501 4341 658 4384 sauuoum
679 4341 835 4384 vocamus
862 4319 989 4411 absque
1022 4318 1099 4384 vitis
1131 4317 1368 4384 coniunctione
1390 4327 1485 4383 natas
