3220 5158
405 448 570 499 HISTORIAE
587 449 788 500 FRANCORUM
805 447 901 499 LIBER
918 447 950 497 11.
1199 453 1229 500 65

110 559 364 630 celebrarentur
379 565 565 648 sollemnia,
588 568 698 634 subito
718 565 877 659 palatium
897 566 1008 657 regale
1032 566 1226 633 intramura-

108 689 210 730 neum
230 663 346 732 divino
365 667 443 760 igne
468 672 692 740 succenditur.
719 675 844 738 Pavore
867 671 1022 735 omnibus
1041 671 1228 761 perterritis

109 778 145 830 et
168 767 346 835 ecclesiam
369 773 532 863 egressis,
556 773 788 855 credentibus,
818 799 859 838 ne
888 786 944 840 aut
971 775 1035 838 hoc
1070 773 1228 840 incendio

109 870 192 934 urbs
200 881 271 935 tota
280 888 544 958 consumeretur,
562 889 717 943 autcerte
725 877 877 967 disrupta
892 877 1010 943 tellore
1026 875 1228 967 degisceret,

80 986 249 1040 ssanctus
283 977 439 1042 sacerdos
469 991 655 1067 prostratus
680 993 756 1045 ante
783 981 902 1060 altare,
931 1003 1006 1045 cum
1033 978 1160 1070 gemitu
1198 991 1230 1043 et

108 1074 258 1143 lacrimis
289 1081 424 1146 Domini
452 1082 715 1148 misericordiam
745 1082 967 1174 inpraecatur.
1000 1082 1089 1165 Quid
1114 1081 1231 1171 plura?

109 1180 323 1247 Paenetruvit
349 1184 479 1248 excelsa
502 1184 618 1276 populi
643 1185 748 1252 oratio
776 1185 963 1276 pontefecis
996 1183 1129 1265 inoleti,
1165 1208 1231 1249 res·

109 1280 278 1371 tinxitque
290 1284 408 1349 domus
418 1284 610 1352 incendium
622 1286 745 1353 flumen
755 1287 992 1378 profluentium
1006 1286 1227 1352 lacrimarum.

110 1384 265 1475 Cumque
295 1386 377 1452 haec
410 1401 605 1478 agerentur,
631 1389 923 1479 adpropinquante
949 1389 1162 1468 ascensione,
1195 1398 1233 1452 ut

67 1510 94 1549 ιο
112 1485 177 1551 iam
205 1487 368 1569 diximus,
395 1490 577 1556 maiestatis
603 1491 809 1573 dominicae,
837 1491 959 1558 indixit
985 1490 1119 1582 populis
1148 1489 1232 1556 ieiu·
1277 1483 1278 1488 ¹

111 1587 224 1671 nium,
253 1591 399 1657 instituit
423 1592 541 1658 orandi
565 1594 717 1676 modum,
744 1594 887 1661 aedendi
908 1595 1044 1675 seriem,
1070 1593 1231 1684 erogandi

110 1691 253 1757 hilarem
271 1694 568 1783 dispensationem.
591 1696 808 1764 Cessantibus
832 1721 965 1786 quoque
988 1697 1108 1761 exinde
1129 1708 1232 1760 terro-

111 1795 226 1875 ribus,
242 1819 303 1884 per
319 1808 456 1862 cunctas
477 1797 667 1887 provincias
691 1798 843 1889 dispersa
865 1798 942 1863 lacti
967 1797 1068 1879 lama,
1094 1810 1233 1862 cunctos

112 1897 306 1962 sacerdotes
323 1897 454 1964 imitare
467 1900 684 1982 commonuit,
704 1901 795 1990 quod
821 1900 977 1967 sacerdos
998 1900 1079 1966 fecit
1095 1923 1135 1964 ex
1153 1899 1228 1964 fide.

66 2023 93 2062 15
112 2001 207 2083 Quae
226 2025 333 2090 usque
356 2025 445 2068 nuuc
473 2002 506 2068 in
536 2005 599 2070 Dei
629 2006 765 2070 nomine
787 2029 849 2095 per
872 2028 988 2069 omnes
1013 2004 1171 2070 ecclesias
1199 2004 1233 2067 in

112 2101 363 2191 conpunctione
378 2104 489 2172 cordis
504 2120 538 2173 et
548 2105 750 2172 contritione
771 2108 907 2196 spiritus
922 2106 1140 2172 caelebratur.

158 2284 262 2353 XXVI
287 2284 364 2376 (35).
389 2277 674 2378 Igitur'Alaricus
702 2314 760 2356 rex
779 2292 966 2358 Gothorum
987 2315 1080 2370 cum,
1104 2291 1232 2356 videret

113 2385 388 2456 Chlodovechum
408 2415 521 2481 regem
533 2405 652 2482 gentes
665 2392 818 2468 assiduae
834 2393 1025 2474 debellare,
1045 2392 1173 2484 legatos
1190 2394 1232 2458 ad

112 2513 189 2554 eum
207 2489 347 2583 diriget,
366 2494 482 2560 dicens
498 2520 505 2559 ι
519 2520 535 2559 ι(
547 2495 583 2562 Si
593 2496 694 2562 frater
704 2519 797 2562 meus
811 2495 907 2577 velit,
928 2496 1091 2564 insiderat
1107 2495 1230 2576 animo,

65 2617 96 2656 ao
112 2605 151 2657 ut
168 2616 229 2660 nos
247 2597 319 2662 Deo
338 2599 491 2688 propicio
506 2598 633 2689 pariter
648 2599 839 2666 viderimus.
859 2626 876 2663 »
895 2598 909 2690 ΙΙ
926 2599 1024 2683 Quod
1044 2599 1231 2665 Chlodove-
1245 2615 1299 2666 Cot.
1314 2616 1353 2664 91.

112 2695 197 2762 chus
216 2722 286 2764 non
303 2724 486 2791 respuens,
517 2703 559 2768 ad
580 2727 655 2768 eum
673 2701 774 2768 venit.
804 2701 1050 2791 Coniunctique
1070 2700 1234 2767 ininsula

112 2799 262 2890 Ligeris,
286 2827 370 2892 quae
395 2818 467 2870 erat
490 2805 581 2873 iuxta
598 2804 707 2872 vicum
730 2805 977 2872 Ambaciensim
996 2802 1010 2895 [Ι
1028 2806 1234 2871 territurium
1246 2813 1300 2863 Ful·
1314 2812 1380 2860 2⁸v⁰

112 2901 206 2966 urbis
245 2906 446 2987 Toronioae,
487 2908 584 2974 simul
621 2909 741 2998 locuti,
779 2908 994 2974 comedentes
1031 2907 1158 2996 pariter
1197 2932 1234 2974 ac

113 3001 286 3088 bibentes,
321 3010 486 3098 promissa
518 3011 581 3076 sibi
618 3011 785 3092 amicicia,
816 3010 957 3101 pacifeci
991 3009 1232 3076 discesserunt.

65 3132 97 3171 25
112 3107 211 3173 Multi
228 3109 293 3176 iam
315 3125 395 3180 tunc
417 3139 457 3180 ex
475 3114 593 3182 Galliis
614 3116 739 3181 habere
761 3117 908 3182 Francos
926 3114 1080 3180 dominos
1106 3136 1234 3178 summo

112 3215 284 3283 desiderio
302 3215 493 3308 cupiebant.

143 3398 181 3447 36.
196 3397 272 3447 Unde
286 3399 383 3448 iactum
394 3389 446 3455 est,
457 3404 486 3446 ut
496 3393 652 3456 Quintianus
664 3397 825 3446 Rutenorum
832 3397 971 3462 episeopus
983 3411 1030 3462 per
1042 3395 1091 3445 hcc
1103 3394 1193 3445 odium
1201 3397 1235 3445 ab

111 3461 177 3509 urbe
185 3461 369 3526 depelleretur.
383 3461 508 3510 Dicebant
520 3460 622 3508 enimet
636 3475 641 3507 :
656 3476 668 3508 u
683 3459 751 3516 Quia
760 3459 914 3508 disiderium
926 3466 1001 3508 tuum
1013 3465 1067 3517 est,
1079 3465 1109 3507 ιιι
1120 3460 1235 3508 Franco-

111 3539 172 3572 rum
178 3523 323 3574 dominatio
354 3522 470 3572 cssideat
480 3524 661 3572 terrambanc.
669 3523 751 3572 »Post
760 3522 816 3570 dies
824 3529 1025 3586 autempaucos,
1035 3523 1166 3570 crtointer
1175 3538 1236 3570 eum

69 3601 97 3639 3⁰
111 3594 138 3636 et
149 3587 220 3636 cives
237 3541 402 3643 scandalum,
424 3586 535 3642 Gothos,
552 3585 596 3650 qui
614 3585 641 3632 in
659 3585 708 3633 hac
725 3585 789 3632 urbe
804 3585 984 3643 morabantur,
1006 3585 1117 3659 suspitio
1138 3584 1233 3647 attigit,

112 3649 334 3724 exprobrantibus
345 3649 460 3705 civibus,
473 3649 543 3713 quod
555 3647 619 3696 velit
632 3663 659 3695 se
671 3649 831 3696 Francorum
842 3647 986 3696 ditionibus
1000 3649 1155 3710 eubrngare,
1172 3663 1235 3696 ecn-

112 3713 225 3786 silioque
244 3718 363 3785 accepto,
381 3727 410 3760 co
432 3713 562 3760 itaverunt
581 3726 640 3758 eum
660 3709 797 3774 perfodere
810 3710 912 3820 gladio.
935 3710 1010 3768 Quod
1029 3727 1089 3757 eum
1109 3709 1167 3760 viro
1189 3709 1234 3756 Dei

111 3781 263 3823 nuntiatum
278 3775 382 3830 luisset,
421 3790 434 3821 e
452 3779 527 3821 nocte
539 3787 712 3836 consurgens,
731 3789 790 3819 cum
829 3772 971 3820 delissimis
992 3772 1119 3821 ministris
1134 3771 1188 3819 suis
1203 3772 1236 3819 ab

111 3837 177 3885 urbe
186 3838 289 3886 Rutena
298 3837 446 3900 egrediens,
461 3838 592 3884 Auernus
605 3835 719 3884 advenit.
733 3835 823 3898 ibique
836 3852 852 3882 a
864 3842 953 3883 sancto
970 3835 1091 3884 Eutresis
1101 3834 1234 3898 episcopo,

71 3911 98 3950 35
112 3899 157 3964 qui
171 3899 335 3964 quondamA
357 3899 465 3946 runculo
477 3898 627 3946 Divioneusi
641 3905 814 3955 successerat,
833 3897 945 3961 benigne
961 3914 1035 3945 susce
1056 3903 1098 3945 tus
1114 3904 1167 3954 est,
1180 3897 1235 3944 lar-

134 3962 176 4009 'tis
196 3977 229 4009 ue
241 3961 265 4009 ei
276 3967 331 4010 tam
338 3915 461 4009 domibus
474 3976 554 4034 quam
563 3961 635 4024 agris
648 3966 673 4008 ct
685 3959 776 4017 vincis,
791 3975 880 4007 secum
890 3961 1015 4016 retenuit,
1048 3960 1135 4007 icens:
1151 3976 1163 4006 ιι
1178 3960 1237 4007 Sui·

133 4025 168 4072 cit
177 3977 259 4072 buius
272 4023 382 4072 facultas
393 4023 530 4081 ecelesiae,
545 4030 574 4071 ut
591 4029 730 4096 utrumque
749 4029 894 4080 susteneat;
914 4029 1017 4070 tautum
1029 4022 1139 4079 caritas,
1156 4036 1237 4085 quam

113 4087 207 4135 beatus
220 4086 356 4150 praedicat
366 4086 511 4150 apostblus,
524 4092 676 4151 permaneat
695 4091 763 4132 mter
775 4084 923 4132 sacerdotes
936 4085 990 4132 Dei.
1006 4101 1018 4131 ιι
1034 4083 1084 4132 Sed
1095 4083 1236 4146 etLugdu-

113 4149 204 4198 nensis
216 4148 356 4259 episcopus
368 4147 409 4196 lar
429 4147 481 4201 'tus
496 4155 535 4196 est
547 4148 571 4196 ei
583 4148 672 4212 aliqua
688 4146 864 4211 possessionis
884 4146 1008 4195 ecclesiae
1022 4161 1097 4206 suae,
1118 4161 1197 4210 quam
1209 4146 1236 4192 in

71 4220 100 4260 tu
114 4213 231 4260 Arverno
241 4211 308 4260 habe
329 4216 363 4259 at.
374 4211 410 4259 Re
422 4211 484 4274 iqua
493 4227 554 4260 vero
567 4210 599 4258 de
612 4215 701 4258 sancto
714 4209 868 4267 Quintiano,
883 4215 935 4257 tam
948 4207 1058 4258 insidiae
1072 4225 1137 4273 quas
1149 4213 1237 4272 pertu-

115 4274 154 4384 pip)
162 4289 242 4384 qugm
254 4273 301 4322 illa
312 4287 378 4337 quae
390 4288 436 4337 per
456 4287 514 4322 eum
532 4273 656 4322 Dominus
675 4286 784 4337 operare
802 4271 926 4335 dignatus
946 4277 998 4331 est,
1020 4271 1119 4335 scripta
1137 4269 1236 4318 suntin

128 4337 135 4384 i
155 4353 185 4384 ro
219 4337 270 4385 itae
283 4335 347 4384 eius.

1144 4421 1156 4459 ⁵
