3220 5158
411 467 576 517 HISTORIAE
594 467 793 517 FRANCORUM
811 469 908 520 LIBER
924 469 955 518 ΙΙ.
1219 473 1249 519 43

127 592 376 674 provinciarum
391 592 501 678 opima
517 569 722 676 depopulati,
741 587 889 651 Rbenum
903 592 1107 652 transierunt
1119 639 1126 668 ,
1139 589 1247 677 pluri-

132 690 191 752 bus
210 712 347 754 suorum
366 694 399 754 in
416 688 428 779 ΙΙ
445 692 592 754 Romano
609 691 732 754 relictis
750 691 836 773 solo,
860 693 907 754 ad
930 691 1137 780 repetendam
1154 692 1248 779 depo·
1260 696 1312 745 col.
1326 699 1363 745 58.

126 791 500 882 palemonem-paratis,
525 817 597 856 eum
626 794 752 882 quibus·
774 795 941 882 ingressus
966 795 1124 857 Romanis
1148 793 1248 856 adco-

130 895 246 958 modus
278 896 361 984 fuit,
385 895 494 958 multis
520 897 726 958 Francorum
757 895 848 984 opud
887 895 1127 959 Carbonariam
1156 895 1248 984 ferro

102 1001 315 1084 speremptis.
346 996 489 1086 Cumque
509 997 776 1061 consultarentur
785 1021 959 1075 succensu,
986 1021 1030 1059 an
1048 1001 1081 1060 in
1102 997 1249 1060 Francia

129 1103 274 1162 transire
290 1099 453 1180 deberent,
468 1099 646 1166 Nanninus
661 1101 788 1178 abnuit,
806 1104 885 1188 quia
903 1123 967 1162 non
986 1103 1161 1186 inparatus
1176 1102 1248 1161 etin

129 1199 208 1262 Iocis
225 1205 295 1264 suis
308 1201 461 1264 indubiae
473 1202 629 1291 fortiores
644 1203 776 1291 futuros
791 1202 924 1265 sciebat.
943 1201 1041 1288 Quod
1054 1223 1127 1263 cum
1147 1201 1248 1288 Quin·

129 1307 196 1365 tino
234 1316 265 1364 et
299 1303 435 1392 reliquis
470 1309 548 1369 viris
583 1304 782 1369 militaribus
822 1304 1069 1392 displicuisset,¹
1092 1303 1248 1369 Nannino

127 1405 381 1494 Mogonciacum
402 1431 550 1486 reverso,
576 1408 753 1494 Quintinus
777 1429 849 1470 cum
875 1409 1020 1470 exercitu
1044 1409 1133 1470 circa
1156 1405 1248 1472 Niri-

89 1533 114 1571 ιο
130 1512 216 1572 sium
236 1508 407 1572 castellum
418 1509 574 1573 Rhenum
595 1525 839 1599 transgressus,
861 1509 1012 1574 secundis
1029 1533 1051 1572 a
1064 1509 1164 1598 fluvio
1180 1531 1249 1572 cas·

131 1616 209 1689 tris,
227 1634 326 1675 casas
341 1611 583 1676 habitatoribus
598 1637 721 1676 vacuas
732 1625 830 1702 atque
842 1617 980 1701 ingentis
992 1617 1076 1676 eicos
1087 1611 1249 1676 destitutos

131 1713 275 1800 offendit.
298 1715 425 1779 Franci
445 1721 529 1778 enim
547 1716 703 1780 simulatu
728 1728 814 1778 metu
834 1739 869 1778 se
890 1717 921 1779 in
939 1720 1129 1779 remotiores
1147 1714 1249 1778 saltos

131 1819 331 1904 reciperent,
368 1818 556 1882 concidibus
584 1844 646 1907 per
680 1832 828 1882 extrema
858 1817 1017 1882 silvarum
1044 1821 1245 1906 procuratis.

130 1918 246 2007 Itaque
268 1923 427 1985 universis
446 1922 594 1984 domibus
616 1927 757 2005 exustis,
781 1926 813 1985 in
844 1943 928 2011 quas
951 1925 1076 1985 saeuire
1095 1919 1249 1983 soleditas

89 2045 116 2085 15
134 2025 254 2109 ignava
274 2025 428 2087 victoriae
445 2028 755 2087 consummationem
782 2023 978 2114 reponebat,
998 2035 1089 2085 nocte
1109 2021 1250 2086 sollicita

132 2123 249 2188 milites
277 2125 337 2188 snb
367 2149 536 2189 armorum
568 2150 670 2189 onera
693 2127 869 2190 dimanant.
893 2125 941 2190 Ac
967 2129 1075 2213 primo
1105 2123 1264 2188 dilacolo‘

134 2226 292 2312 Quintino
308 2228 429 2315 proelii
446 2229 528 2291 duce
555 2233 696 2317 ingressi
716 2229 840 2309 saltus,
863 2233 896 2293 in
917 2229 1057 2292 medium
1076 2227 1149 2317 fere
1166 2228 1249 2291 diem

133 2329 328 2416 inplicantes
343 2355 377 2393 se
395 2331 564 2395 erroribus
580 2336 725 2411 ciarum,
745 2346 809 2396 toto
825 2336 1003 2422 peruagati
1019 2344 1106 2395 sunt.
1130 2329 1143 2419 Η
1170 2331 1249 2394 Tan·
1260 2347 1315 2395 Fol.
1329 2346 1358 2394 19
1367 2357 1403 2397 ve.

133 2432 203 2494 dem
220 2456 292 2495 cum
305 2433 489 2520 ingentibus
503 2438 603 2521 septis
617 2439 728 2497 omnia
743 2459 763 2497 a
780 2435 882 2498 solido
898 2435 1013 2498 clausa
1029 2433 1247 2520 offendissent,

90 2540 165 2598 eoin
194 2535 366 2624 palustres
396 2559 544 2624 campos,
577 2541 636 2625 qui
661 2536 749 2601 silvis
778 2537 1008 2625 iungebantur,
1032 2559 1250 2624 prorumpere

133 2637 360 2715 molientibus,
381 2637 520 2700 bostium
539 2661 617 2700 rare
628 2662 815 2726 apparuere
827 2690 834 2717 ,
845 2643 903 2728 qui
915 2641 1081 2702 coniuncti
1093 2637 1249 2700 arborum

134 2745 259 2804 truncis
275 2739 326 2804 cel
342 2740 529 2804 concidibus
545 2755 780 2828 superstantes,
802 2741 900 2804 veluti
916 2766 932 2803 e
948 2741 1093 2830 fastigiis
1108 2743 1249 2803 turrium

133 2849 274 2932 sagittas
285 2856 519 2906 tormentorum
532 2848 598 2906 ritu
612 2844 776 2930 effundere
787 2843 898 2907 inlitas
914 2842 1091 2906 herbarum
1107 2847 1247 2918 venenis,

135 2959 170 3008 nt
193 2951 314 3010 summi
332 2950 414 3008 cutis
441 2969 544 3035 neque
572 2945 744 3010 loetalibus
761 2945 885 3034 inflicta
909 2946 987 3008 locis
1008 2944 1144 3007 vulnera
1169 2943 1251 3007 baut

92 3071 120 3110 25
134 3048 253 3113 dubiae
273 3052 386 3112 mortis
411 3061 637 3137 sequerentur.
660 3047 784 3112 Deltinc
802 3052 927 3110 maiore
951 3045 1156 3109 multitudine
1175 3045 1250 3108 bos-

135 3155 214 3215 tium
249 3153 469 3241 circumfusus
498 3156 679 3229 exercitus,
713 3156 746 3213 in
783 3164 899 3239 aperta
931 3173 1138 3237 camporum,
1166 3172 1251 3238 quae

135 3253 240 3316 libera
269 3255 394 3318 Franci
419 3253 638 3343 reliquerant,
672 3255 789 3316 avidae
822 3256 943 3341 effusus
974 3266 1031 3316 est,
1068 3249 1116 3316 Ac
1147 3255 1252 3339 primi

136 3360 258 3444 equites
288 3357 499 3445 uoraginibus
522 3360 673 3436 inmersi,
698 3359 872 3444 permixtis
901 3356 1067 3420 bominum
1092 3359 1250 3418 iumento·

136 3482 275 3548 rumque
292 3461 500 3548 corporibus,
521 3463 653 3522 ruinam
671 3464 805 3523 invicem
821 3483 956 3524 suorum
977 3464 1146 3547 oppraessi
1162 3471 1247 3522 sunt.

97 3587 123 3624 eo
137 3561 266 3624 Pedites
283 3565 397 3640 etiam,
415 3565 496 3650 quos
513 3561 606 3625 nulla
624 3587 725 3626 onera
743 3585 899 3652 equorum
911 3561 1138 3638 calcaverant,
1154 3559 1251 3650 inple-

137 3669 205 3728 catt'
223 3663 299 3727 limo
321 3687 442 3752 aegrae
462 3665 669 3755 explecantes
680 3689 848 3754 gressum,
870 3687 987 3728 rursus
1006 3687 1056 3742 se,
1079 3667 1137 3752 qui
1149 3662 1252 3751 paulo

138 3779 214 3828 ante
233 3770 287 3828 ote
311 3780 529 3846 emerserant,
556 3767 645 3831 sileis
667 3768 867 3855 trepidantes
888 3764 1089 3829 occulebant.
1113 3765 1252 3827 Pertur-

139 3868 221 3931 batis
239 3891 316 3956 ergo
333 3869 520 3948 ordinibus,
545 3893 638 3932 caese
660 3868 805 3957 legionis.
827 3867 980 3931 Heraclio
1002 3867 1203 3930 loriniarum
1224 3866 1238 3956 {l
1263 3883 1318 3932 col.
1331 3886 1368 3932 59.

139 3969 268 4034 tribuno
286 3995 326 4033 ac
343 3995 450 4059 paene
467 3973 615 4036 omnibus
636 3977 694 4061 (rui
711 3971 867 4035 militibus
886 3981 1072 4059 praeerant
1088 3973 1248 4049 extinctis,

101 4098 125 4136 es
136 4079 252 4162 paucis
270 4075 424 4162 effigium
440 4088 548 4138 tutum
559 4098 625 4138 nou
636 4088 666 4137 et
676 4074 816 4138 latibula
830 4073 988 4138 silvarum
998 4077 1248 4161 praestiterunt.

141 4178 227 4242 Haec
244 4175 279 4240 in
294 4176 400 4240 tercio
419 4176 583 4244 Historiae
604 4176 690 4242 libro
709 4175 863 4242 narravit.

185 4360 221 4423 In
241 4369 360 4447 quarto
379 4383 456 4425 vero
474 4359 578 4440 libro,
607 4383 681 4426 cum
699 4359 741 4426 de
763 4357 996 4424 interlectione
1015 4355 1176 4438 Victoris,
1205 4353 1252 4422 fili
