3226 5156
405 489 570 542 HISTORIAE
587 491 788 543 Francorum
805 495 902 544 LIBER
918 495 963 543 III.
1215 491 1244 540 et

124 603 320 688 effulsisset,
330 607 419 674 idem
433 611 600 699 pontifex,
610 609 805 726 priusquam
815 613 857 678 ad
871 610 995 710 vigiliis
1010 611 1243 688 deseenderet,

123 705 226 772 iussit
246 707 310 775 sibi
326 712 485 800 poculum
505 711 697 780 ministrari.
720 713 911 780 Adveniens
930 726 1039 780 autem
1054 733 1150 804 puer,
1173 715 1245 780 sine

124 833 220 876 mora
242 811 402 900 porrexit.
433 819 506 900 Quo
530 817 704 896 haustum,
731 841 807 882 mox
831 817 985 906 spiritum
1020 816 1120 882 fudit
1149 817 1245 884 Unde

124 911 353 980 indubitatum
374 930 443 997 est,
471 941 600 984 veneno
624 943 699 984 eum
726 918 828 986 fuisse
851 933 1020 1010 negatum.
1048 923 1122 1003 Quo
1146 919 1244 984 dece-

93 1014 244 1096 ndente,
263 1019 447 1086 Iniuriosus
465 1045 584 1086 unuse
604 1021 731 1088 civibus
752 1022 888 1119 quintus
908 1023 1059 1089 decimus
1074 1035 1151 1111 post
1166 1024 1245 1088 bea·
1316 1040 1325 1056 ⁴

123 1131 197 1187 tum
214 1121 393 1188 Martinum
413 1123 605 1190 cathedram
623 1124 849 1214 pontificalem
870 1124 1007 1190 sortitus
1027 1136 1088 1190 est.

171 1307 288 1374 XVIII.
317 1308 404 1370 Dum
425 1316 534 1370 autem
554 1304 812 1372 Chrodechildis
841 1305 957 1396 regina
976 1303 1123 1371 Parisius
1141 1327 1245 1375 mora·

123 1418 230 1486 retur,
257 1407 374 1476 videns
403 1405 640 1490 Childebertus
670 1409 761 1498 quod
784 1419 890 1474 mater
911 1431 969 1473 sua
993 1406 1080 1474 filios
1098 1407 1245 1477 Chlcdc-

85 1552 110 1590 ιο
126 1517 252 1596 meris,
274 1537 358 1604 quos
396 1535 494 1600 supra
516 1512 788 1591 memoravimus,
807 1511 907 1578 unico
927 1510 1048 1576 affectu
1072 1509 1244 1602 diligeret,

121 1623 251 1692 invidia
269 1619 390 1684 ductus
410 1639 447 1688 ac
466 1626 636 1694 metuens,
653 1638 694 1680 ne
713 1615 843 1680 favente
859 1611 1247 1705 reginaadmitterentur

119 1731 160 1795 in
189 1747 312 1816 regno,
341 1717 432 1784 misit
458 1717 541 1782 clam
577 1717 618 1782 ad
650 1717 787 1784 fratrem
823 1741 919 1784 suum
952 1716 1247 1784 Chlotbacbarium

121 1852 261 1944 regem,
280 1822 426 1889 dicens:
450 1845 467 1882 a
488 1822 595 1886 Mater
619 1831 732 1886 nostra
757 1819 844 1888 filios
868 1820 979 1886 fratris
1003 1819 1111 1886 nostri
1135 1843 1247 1888 secum

120 1932 249 2000 retinet
274 1939 308 1993 et
333 1924 404 1990 vult
433 1922 483 1988 eis
511 1945 615 2013 regno
640 1922 737 2003 dare;
773 1923 877 1990 debes
906 1923 1066 1990 velociter
1101 1921 1247 1988 Parisius

79 2065 105 2104 rs
122 2035 258 2111 adesse,
283 2042 317 2094 et
336 2027 452 2094 habito
485 2023 652 2090 communi
680 2025 840 2107 consilio,
870 2037 1075 2116 pertractare
1104 2023 1246 2114 oportit,

122 2135 267 2228 quidde
287 2133 339 2198 his
359 2127 432 2194 fieri
450 2126 585 2206 debiat,
609 2125 719 2192 utrum
738 2127 845 2194 incisa
870 2130 1036 2196 caesariae
1059 2141 1098 2194 ut
1120 2127 1248 2217 reliqua

122 2241 223 2331 plebs
243 2235 442 2308 habeantur,
465 2253 506 2294 an
535 2241 624 2295 certe
648 2228 702 2294 bis
725 2229 912 2296 interfectis
935 2255 1075 2321 regnum
1098 2231 1248 2322 germani

124 2340 234 2412 nostri
262 2340 351 2404 inter
374 2332 617 2422 nosmetipsos
642 2334 842 2422 aequalitate
868 2333 984 2399 habita
1008 2332 1205 2403 dividamur.
1230 2359 1246 2394 a

124 2451 175 2514 De
187 2443 310 2535 quibus
326 2438 382 2504 ille
392 2437 503 2502 verbis
517 2435 612 2500 valde
626 2434 772 2548 gavisus,
787 2435 934 2502 Parisius
950 2435 1052 2502 venit.
1068 2438 1249 2502 lactaverat

77 2579 105 2616 ac
125 2547 216 2614 enirn
234 2540 480 2632 Chyldebertus
499 2537 666 2602 verbum
656 2561 692 2602 m
714 2537 856 2627 populo,
880 2539 923 2603 ob
942 2539 1008 2602 hoc
1027 2539 1089 2602 hos
1108 2536 1248 2602 coniun-

123 2675 205 2743 gere
222 2647 235 2739 ΙΙ
253 2668 370 2736 reges,
384 2665 480 2731 quast
471 2640 654 2729 parvulos
672 2640 902 2708 elevaturosin
920 2665 1037 2731 regno
1052 2638 1248 2708 Coniunctis
1261 2653 1316 2702 Col
1330 2655 1382 2700 tna

126 2766 237 2820 autem
255 2747 418 2814 miserunt
438 2744 480 2810 ad
500 2741 668 2833 reginam,
690 2767 775 2833 quae
793 2753 873 2809 tunc
894 2741 929 2807 in
948 2741 1121 2831 ipsaurbe
1140 2765 1249 2808 mora
1303 2767 1304 2770 ¹

127 2860 237 2934 batur,
257 2849 436 2916 dicenteS.
461 2871 478 2908 «
500 2843 616 2958 Dirige
636 2844 791 2960 parvulos
814 2844 857 2910 ad
872 2867 946 2923 nos,
969 2855 1007 2908 ut
1028 2842 1251 2910 sublimentur

126 2960 161 3025 in
183 2979 300 3047 regno.
322 2979 339 3014 »
361 2949 406 3016 At
433 2949 491 3015 illa
512 2947 644 3039 gavisa,
673 2948 827 3014 nesciens
853 2945 966 3012 dolum
993 2945 1142 3024 illorum,
1172 2945 1250 3010 dato

81 3058 243 3153 tepueris
262 3080 340 3122 aesu
358 3066 524 3143 potuque,
541 3049 679 3116 dicens:
694 3075 711 3113 n
723 3051 798 3116 Non
807 3074 859 3114 me
875 3061 956 3139 puto
971 3073 1121 3114 am1s1sse
1131 3047 1247 3125 filium,

126 3165 156 3231 si
184 3185 243 3228 vos
269 3153 436 3224 videam
427 3179 463 3219 111
489 3152 560 3218 eius
590 3175 694 3243 regno
721 3151 943 3218 substitui.»
976 3152 1040 3236 Qui
1070 3152 1248 3229 abeuntes,

126 3259 354 3355 adpraehensi
367 3269 445 3324 sunt
456 3256 581 3338 statim,
602 3279 639 3320 ac
658 3254 802 3344 separati
820 3279 838 3320 a
853 3253 966 3344 pueris
980 3266 1015 3319 et
1028 3251 1250 3320 nutritoribus

127 3367 212 3447 suis,
231 3364 245 3456 ll
263 3361 539 3430 custodiebantur
561 3356 714 3446 utrique,
741 3381 892 3423 seursum
921 3355 1017 3445 pueri
1041 3368 1077 3422 et
1099 3374 1366 3423 seursumF01.3a.

126 3469 179 3537 hii
196 3464 336 3558 parvuli.
352 3466 445 3529 Tunc
461 3460 709 3549 Chyldobertus
730 3472 829 3576 atque
850 3459 1130 3525 Chlothacharius
1150 3457 1249 3523 mise-

83 3604 112 3643 ao
128 3585 209 3640 runt
237 3566 441 3645 Arcadium,
467 3563 521 3630 cui
542 3587 642 3653 supra
666 3561 895 3642 meminimus,
931 3562 971 3627 ad
1005 3561 1155 3652 reginam
1176 3585 1251 3628 cum

128 3676 260 3766 forcipe
281 3669 521 3761 evaginatoque
541 3666 665 3758 gladio.
684 3665 749 3750 Qui
765 3664 921 3744 veniens,
944 3663 1093 3733 ostendit
1116 3663 1251 3754 reginae

128 3791 291 3895 utraque,
305 3773 482 3840 dicens:
518 3797 535 3834 a
567 3769 782 3838 Voluntatem
815 3780 925 3848 tuam,
961 3791 980 3832 ο
1011 3764 1251 3856 gloriosissima

130 3883 259 3974 regina,
276 3877 336 3944 filii
351 3875 400 3942 tui
418 3873 546 3940 domini
563 3872 670 3940 nostri
687 3883 859 3961 expetunt,
872 3818 953 3960 quid
971 3870 1013 3935 de
1030 3868 1142 3958 pueris
1154 3892 1251 3958 agen

129 3985 210 4050 dnm
231 4003 389 4058 censeas,
410 3991 521 4043 utrum
541 3975 658 4042 incisis
679 3974 828 4040 crinibus
850 3997 907 4040 eos
928 3971 1038 4041 vivere
1055 3972 1189 4050 iubeas,
1210 3995 1251 4036 an

85 4117 113 4156 as
129 4098 309 4174 utrumque
325 4079 486 4172 iugulare.
502 4105 519 4142 n
525 4078 583 4146 At
601 4077 657 4144 illa
668 4077 825 4144 exterrita
840 4075 959 4142 nuntio
975 4087 1007 4141 et
1018 4073 1158 4140 nimium
1174 4073 1250 4138 felle

131 4197 314 4265 commota,
354 4183 533 4273 praecipue
556 4205 631 4248 cum
656 4179 769 4272 gladio
795 4191 949 4246 cerneret
976 4176 1185 4268 evaginatum
1215 4200 1252 4242 ac
1335 4244 1337 4249 ,

132 4290 311 4379 forcipem,
341 4284 561 4351 amaritudine
580 4296 777 4375 praeventa,
798 4283 959 4373 ignorans
980 4282 1015 4347 in
1039 4278 1113 4368 ipso
1135 4279 1251 4344 dolore

134 4392 213 4480 quid
235 4391 379 4471 diceret,
402 4389 448 4452 ait
467 4386 664 4477 simpliciter
683 4412 689 4450 :
712 4411 728 4449 «
751 4383 862 4451 Satius
881 4382 962 4448 mihi
977 4383 1066 4449 enim
1081 4395 1146 4466 est,
1170 4381 1197 4446 si
1211 4382 1252 4447 ad
