3256 5144
404 419 571 467 fllsronnn
589 421 791 469 FRANCORUM
807 422 904 470 LIBER
922 423 962 470 VI.
1226 424 1270 470 281

137 557 222 622 quae
238 533 436 621 desuperius
451 537 736 600 memorabuntur.
756 538 862 627 Igitur
879 562 955 602 cum
971 537 1268 626 Hermenegildus,

138 635 225 699 sicut
251 659 351 722 supra
376 635 539 716 diximus,
563 640 651 725 patri
675 638 826 703 infensus
839 662 909 703 esset
922 655 987 702 etin
1003 653 1137 702 civitatem
1153 655 1270 718 aliquam

105 797 107 802 .
138 753 279 815 Hispaniae
291 769 351 800 cum
367 755 626 816 coniugeresediret,
641 757 735 804 solatio
756 759 838 804 fretus
859 741 901 805 de
928 739 1142 827 imperatoris
1170 753 1269 827 atque

138 836 278 902 Mironis
318 838 531 904 Galliciensis
561 843 671 929 regis,
701 853 830 928 patrem
865 842 907 905 ad
939 865 974 910 sc
1008 865 1082 905 cum
1119 842 1268 906 exercitu

107 939 249 1003 svenire
294 941 452 1030 cognovit
483 943 731 1031 consiliumque
774 943 861 1020 iniit,
899 942 1043 1030 qualiter
1076 943 1270 1008 venientem

140 1052 196 1104 aut
222 1041 402 1128 repelleret
430 1055 486 1106 aut
516 1057 673 1134 negaret3
706 1045 862 1109 nesciens
883 1043 985 1108 miser
1013 1043 1174 1108 iudicium
1205 1037 1269 1108 sibi

139 1141 304 1206 inminere
325 1142 493 1222 divinum,
514 1147 573 1232 qui
594 1158 709 1209 contra
730 1147 936 1234 genitorem,
962 1145 1148 1232 quamlibet
1171 1147 1269 1208 here·

139 1241 255 1322 ticum,
272 1245 351 1308 talia
366 1247 541 1334 cogitaret.
560 1247 684 1310 Habitu
700 1270 782 1336 ergo
801 1259 963 1325 tractatu,
983 1247 1025 1311 de
1049 1245 1163 1310 multis
1185 1246 1270 1310 viro-

140 1368 212 1408 rum
236 1345 326 1410 mille
354 1348 517 1411 tricentos
541 1348 631 1412 viros
666 1349 768 1439 elegit
796 1361 941 1412 armatos
968 1349 1105 1411 etintra
1124 1360 1270 1412 castrum

97 1471 124 1508 ιο
140 1447 255 1524 Osser,
267 1444 281 1536 l}
294 1447 329 1511 in
349 1447 444 1512 cuius
471 1449 593 1512 eclesia
610 1450 720 1513 fontes
738 1449 899 1514 divinitus
923 1449 1138 1537 conplentur,
1165 1449 1270 1513 inclu-
1282 1470 1336 1518 Col.
1349 1471 1405 1518 320.

139 1547 205 1627 dit,
239 1561 276 1611 ut
300 1548 431 1614 scilicet
468 1553 577 1638 primo
613 1549 741 1639 impetu
780 1552 820 1615 ab
849 1552 903 1615 his
936 1563 1032 1638 pater
1066 1549 1203 1614 territus
1233 1573 1270 1612 ac

139 1649 298 1728 lassatuS,
321 1651 450 1715 facilius
468 1654 509 1715 ab
527 1651 686 1716 inferiore
705 1677 816 1733 manu,
836 1676 921 1740 quae
937 1664 1008 1715 erat
1028 1650 1183 1740 plurima,
1201 1653 1270 1715 vin·

140 1764 283 1815 ceretur.
304 1753 458 1840 Denique
477 1753 530 1817 his
549 1752 636 1818 dolis
655 1754 870 1844 Leuvigildus
891 1777 949 1817 rex
961 1754 1128 1842 cognitis,
1146 1752 1270 1841 cogita-

141 1851 232 1916 tione
250 1853 391 1918 maxima
407 1854 576 1944 fatigatur.
599 1883 616 1917 a
637 1859 690 1935 Si,
713 1855 852 1944 inquid,
875 1855 955 1919 illuc
976 1879 1050 1919 cum
1069 1855 1160 1918 omni
1176 1877 1270 1918 exer·

101 1977 126 2014 ra
143 1953 210 2017 citu
233 1955 390 2034 habiero,
425 1957 638 2046 conglobatis
670 1959 705 2020 in
730 1981 833 2020 unum
861 1955 1027 2020 exercitus
1054 1955 1269 2019 adversorum

142 2055 258 2121 iaculis
278 2056 510 2121 crudelissime
530 2057 708 2123 sauciatur.
742 2059 779 2123 Si
799 2081 878 2122 vero
901 2081 976 2121 cum
999 2055 1115 2144 paucis
1130 2056 1267 2134 vadam,

140 2157 286 2222 virorum
301 2158 436 2222 fortium
455 2183 556 2223 manu
581 2183 713 2248 nequeo
735 2182 904 2248 superare.
925 2162 1051 2223 Tamen
1071 2183 1145 2222 cum
1161 2157 1270 2222 omni·

141 2259 203 2322 bus
218 2259 291 2324 ibit.
314 2287 330 2320 n
357 2263 399 2324 Et
417 2261 582 2326 accedens
602 2263 642 2325 ad
663 2262 790 2338 locum,
814 2261 904 2324 viros
925 2258 1093 2347 proteruit
1113 2269 1270 2322 castrum-

141 2382 205 2446 que
227 2360 400 2439 conbusit,
429 2363 516 2426 sicut
541 2364 607 2425 iam
634 2363 788 2449 superius
811 2372 1030 2424 memoratum
1051 2372 1112 2423 est.
1138 2362 1270 2424 Patrata

98 2484 126 2520 ro
141 2483 273 2548 quoque
292 2461 452 2540 victuria,
475 2462 634 2550 cognovit
659 2465 833 2549 Myronem
858 2484 981 2551 regemv
996 2473 1114 2524 contra
1135 2485 1170 2524 se
1191 2485 1266 2525 cum

141 2562 288 2626 exercitu
313 2564 481 2628 resedere.
505 2567 579 2646 Quo
602 2563 829 2641 circumdato,
845 2575 1054 2627 sacramenta
1076 2561 1180 2652 exigit
1206 2562 1271 2626 sibi

140 2663 362 2749 inposterum
383 2665 454 2728 fore
477 2664 621 2728 fidelem.
652 2668 694 2729 Et
714 2664 779 2744 sic,
800 2664 887 2728 datis
908 2663 972 2728 sibi
990 2663 1135 2728 invicem
1154 2687 1271 2728 mune·

141 2763 250 2842 ribus,
274 2747 506 2854 unusquisque
538 2767 579 2830 ad
616 2765 753 2855 propria
785 2779 836 2830 est
864 2789 1049 2855 regressus.
1084 2766 1152 2830 Sed
1176 2767 1271 2852 Myro

139 2877 317 2952 postquam
344 2866 379 2930 in
399 2867 506 2955 patria
530 2867 650 2954 rediit,
675 2891 743 2932 non
764 2868 869 2931 multo
892 2879 970 2954 post
993 2867 1067 2930 dies
1089 2889 1271 2930 conversus

98 2991 125 3028 aa
140 2966 181 3030 ad
196 2967 338 3046 lectum,
360 2968 456 3032 obiit.
479 2969 668 3033 Infirmatus
687 2970 776 3032 enim
793 2970 834 3032 ab
852 2968 947 3056 aquis
966 2967 1001 3030 in
1019 2966 1180 3055 Hispania
1200 2966 1271 3031 fue-

139 3079 192 3130 rat
211 3067 306 3132 malis
328 3067 522 3156 feribusque
547 3069 783 3133 incommodis.
807 3073 881 3151 Quo
898 3068 1074 3145 defuncto,
1094 3065 1271 3132 filiuseius

141 3167 306 3232 Enrichus
335 3169 521 3258 Leuvigildi
554 3171 643 3259 regis
673 3169 836 3233 amicitias
861 3168 1019 3256 expetiit3
1051 3168 1212 3256 dataque,
1235 3179 1272 3232 ut

139 3280 236 3357 pater
261 3269 404 3348 fecerat,
435 3283 659 3350 sacramenta,
688 3295 828 3360 regnum
852 3269 1091 3335 Galliciensem
1116 3268 1267 3356 suscipit.

140 3371 210 3433 Hoc
235 3392 312 3434 vero
340 3394 428 3433 anno
456 3384 619 3460 cognatus
653 3371 724 3435 eius
750 3371 896 3448 Audica,
922 3369 979 3458 qui
1006 3393 1155 3433 sororem
1180 3368 1270 3433 illius

98 3496 124 3533 ao
139 3471 376 3558 desponsatam
389 3472 547 3551 habebat,
562 3497 636 3536 cum
646 3473 796 3536 exercitu
808 3473 901 3535 venit
912 3471 1268 3560 ;adpraehcnsumque

140 3570 298 3637 clericum
324 3573 405 3637 fecit
433 3598 470 3637 ac
500 3573 697 3638 diaconatus
725 3572 794 3636 sive
818 3571 1032 3660 praesbiterii
1055 3572 1068 3660 ll
1092 3570 1123 3634 ei
1149 3569 1266 3660 inponi
1278 3595 1332 3644 Fol.
1344 3597 1384 3642 95,

139 3675 303 3737 honorem
323 3673 426 3738 iubet.
451 3677 528 3762 lpse
550 3698 702 3761 quoque,
725 3686 897 3763 acceptam
916 3675 1024 3737 soceri
1046 3672 1096 3737 sui
1112 3695 1266 3751 uxorem,

139 3774 377 3840 Gallicicnsem
417 3797 557 3863 regnum
592 3774 750 3838 obtinuit.
794 3773 1010 3864 Leuvigildus
1049 3797 1128 3838 vero
1165 3772 1268 3837 filium

139 3899 235 3939 suum
271 3875 567 3965 Hermenegildum
606 3875 719 3964 coepit
756 3888 790 3940 et
827 3900 939 3940 secum
981 3899 1086 3963 usque
1123 3874 1268 3939 'solitum

97 4002 124 4042 ³5
139 3976 294 4056 adduxit,
326 3976 556 4041 condemnans
584 3999 658 4040 eum
691 3976 807 4056 exili03
842 4000 977 4040 uxorem
1008 3989 1121 4039 tamen
1151 3975 1222 4039 eius
1251 3999 1268 4037 a

140 4076 278 4141 Graecis
295 4076 426 4164 eripere
445 4101 512 4141 non
531 4076 652 4164 potuit.

186 4245 291 4308 XXXI
327 4242 404 4328 (44).
439 4244 601 4309 Locustae
633 4265 766 4329 quoque
791 4242 833 4305 de
859 4239 1051 4328 Carpitania
1076 4240 1266 4328 provincia,
