3220 5158
249 449 252 453 ·
354 451 385 497 ιο
608 416 609 420 ’
638 445 795 496 caucoau
814 445 1022 494 rnaonnnsis
1038 443 1188 494 nriscorr

356 563 487 654 petitis,
518 563 681 632 Dominus
706 562 866 628 velociter
890 563 994 628 adest.
1026 589 1043 623 ιι
1066 565 1111 630 At
1137 561 1193 626 ille
1223 585 1296 625 cum
1323 560 1401 626 lletu
1439 575 1473 626 et

356 667 503 734 heiulato
522 691 642 757 magno
663 666 797 731 Domini
820 664 1084 732 misericordiam
1102 663 1327 752 inplorabant.
1351 665 1472 728 Exacta

357 794 490 860 quoque
502 770 669 848 oratione,
686 767 786 833 tertio
804 767 893 833 iuxta
912 766 1002 832 senis
1017 766 1194 857 imperium
1210 765 1410 855 aspicientes
1430 766 1472 831 de

357 895 470 951 muro,
487 871 644 936 viderunt
658 895 676 935 a
689 872 789 961 longe
806 872 901 960 quasi
921 870 1076 936 nebulam
1094 871 1135 935 de
1152 881 1241 934 terra
1256 892 1469 959 consurgere.

357 975 455 1058 Quod
474 973 726 1052 renunciantes,
747 972 792 1038 ait
807 973 963 1038 sacerdos
982 1000 988 1036 ι
1010 970 1175 1038 «Domini
1189 970 1345 1036 auxilium
1368 983 1429 1035 est.
1452 998 1467 1032 u
1486 997 1499 1034 s

356 1079 488 1142 Interea
501 1078 566 1142 iarn
585 1075 806 1142 trementibus
823 1078 864 1140 ab
885 1075 1045 1164 impetum
1064 1077 1203 1140 arietum
1221 1073 1324 1139 muris
1342 1073 1474 1162 iamque

356 1179 510 1260 ruituris,
535 1205 613 1246 ecce
631 1179 748 1244 Actius
766 1178 857 1244 venit
879 1191 913 1244 et
937 1180 1135 1244 Theodorus
1154 1179 1341 1244 Gothorum
1361 1201 1418 1241 rex
1436 1197 1474 1242 ac

357 1283 626 1362 Thursemodus,
644 1281 834 1362 filiuseius,
852 1307 926 1348 cum
945 1281 1147 1346 exercitibus
1166 1281 1234 1348 suis
1248 1279 1290 1344 ad
1307 1278 1473 1344 civitatem

357 1385 539 1451 adcurrunt
553 1385 794 1474 adversumque
810 1386 941 1452 hostem
956 1384 1082 1450 eiciunt
1096 1383 1339 1472 repelluntque
1359 1385 1474 1470 ltaque

356 1488 530 1553 liberatam
564 1489 704 1553 obtentu
738 1486 826 1551 beati
862 1488 1029 1552 antestitis
1072 1484 1499 1566 civitatem,tAt1telanem
1490 1509 1515 1546 m
1605 1479 1606 1514 l

357 1592 483 1682 fugant
507 1593 602 1675 Quil
591 1590 794 1656 Mauriacum
819 1613 972 1679 campum
995 1589 1127 1668 adiens,
1153 1615 1188 1654 se
1215 1589 1405 1678 praecingit
1392 1588 1475 1653 tad

358 1694 494 1759 bellum.
520 1694 618 1778 Quod
635 1693 682 1760 hii
703 1691 896 1772 audienteS,
927 1717 963 1757 se
986 1704 1102 1758 contra
1121 1715 1195 1756 eum
1220 1689 1362 1755 vrrihter
1378 1713 1474 1778 prae

356 1809 519 1886 parant.
1605 1839 1606 1902 p

1605 2193 1606 2248 l

1605 2299 1606 2352 l

1605 2387 1606 2454 l

400 1979 454 2044 Vl.
483 1978 541 2042 His
560 1975 679 2042 diebus
704 1979 841 2043 Romam
867 2001 968 2042 sonus
994 1977 1092 2059 adiit,
1120 1976 1280 2044 Actium
1272 2002 1306 2042 1n
1334 1977 1476 2042 maximo

357 2077 574 2143 discrimine
566 2091 654 2143 mter
670 2078 818 2169 falangas
830 2080 976 2144 hostium
992 2079 1155 2144 laborare
1178 2083 1251 2162 Quo
1271 2081 1384 2145 audito
1395 2104 1478 2144 uxor
1492 2103 1517 2142 1

358 2182 428 2246 eius
444 2181 539 2244 anxia
555 2194 654 2268 atque
675 2194 816 2259 maesta,
839 2180 990 2246 assiduae
1013 2180 1168 2246 basilicas
1192 2195 1381 2248 sanctorum
1398 2205 1477 2270 apo-

239 2289 292 2337 Col
308 2292 346 2336 55
360 2284 521 2349 stnlorum
551 2284 685 2348 adiebat
708 2296 823 2371 atque,
852 2297 889 2348 ut
913 2283 1019 2348 virum
1040 2308 1134 2348 suum
1157 2283 1198 2348 de
1222 2284 1357 2349 harvia
1379 2282 1477 2374 relici-

359 2398 455 2476 peret
470 2399 647 2474 sospitem
669 2370 900 2474 praecabatur.
924 2390 1028 2470 Quae
1037 2411 1111 2452 cum
1129 2386 1183 2452 die
1199 2401 1369 2477 nuctnque
1393 2389 1476 2453 haec

361 2501 491 2605 ageret,
509 2488 650 2576 quadam
671 2501 769 2554 nocte
787 2490 888 2554 homo
900 2490 1140 2579 paupercolus
1157 2491 1475 2579 crapulatusavino,

362 2594 395 2657 in
414 2593 536 2682 angulo
554 2591 712 2657 basilicae
732 2591 820 2656 beati
839 2594 930 2658 Petri
949 2592 1092 2682 apostoli
1112 2592 1325 2658 obdormivit.
1350 2593 1479 2658 Clausis
1492 2616 1520 2654 ao
1605 2581 1606 2658 l

363 2708 472 2760 autem
495 2719 535 2760 ex
558 2718 649 2758 more
672 2693 774 2758 osteis
802 2718 820 2758 a
844 2694 1058 2776 custodibus,
1087 2719 1154 2760 non
1183 2708 1233 2760 est
1252 2708 1405 2761 nanctus
1432 2699 1480 2760 De
1605 2691 1606 2702 ¹

245 2813 298 2861 rol.
314 2812 351 2860 la
364 2810 462 2863 nocte
481 2820 560 2860 vero
581 2820 805 2886 consurgens,
826 2795 1053 2862 relucentibus
1071 2823 1132 2887 per
1145 2811 1215 2863 tota
1232 2797 1244 2888 ll
1262 2798 1354 2864 aedis
1370 2797 1481 2887 spacia

364 2899 526 2989 lychinis,
558 2923 678 2988 pavore
711 2898 868 2980 territus,
891 2899 1016 2964 aditum
1026 2925 1117 2989 ,per
1136 2901 1223 2966 fores
1243 2915 1280 2966 ut
1307 2902 1479 2976 evaderet,

366 3001 506 3092 quaerit.
524 3003 646 3068 Verum
666 3000 723 3065 nbi
743 3000 842 3090 primi
861 3013 959 3090 atque
978 3002 1113 3067 alterius
1134 3003 1218 3069 ostei
1242 3004 1385 3069 claustra
1407 3003 1481 3092 pnl-

367 3117 417 3169 sat
437 3116 470 3169 et
488 3103 642 3167 obserata
671 3114 790 3166 cuncta
813 3102 1007 3192 cognoscit,
1035 3105 1106 3169 solo
1126 3104 1303 3183 decubuit,
1330 3104 1481 3194 trepidus
1495 3129 1521 3167 ιι

316 3202 319 3210 ”
367 3205 716 3296 praestolanslocum,
736 3216 789 3284 nt,
812 3206 1087 3270 convenientibus
1104 3207 1144 3271 ad
1165 3205 1335 3272 matutinis
1350 3205 1482 3294 hymnis

368 3307 520 3398 populis,
540 3306 595 3372 hic
614 3305 700 3370 liber
724 3307 931 3371 abscederet.
961 3310 1092 3372 Interea
1110 3307 1194 3373 vidit
1222 3308 1303 3374 duas
1323 3333 1483 3397 personas

371 3436 405 3476 se
432 3409 573 3475 invicem
605 3408 842 3474 venerabiliter
872 3409 1053 3475 salutantes
1086 3409 1315 3499 sollicitosque
1342 3411 1384 3476 de
1416 3410 1484 3476 suis

372 3539 444 3580 esse
459 3511 750 3602 prosperitatibus.
772 3514 864 3577 Tunc
885 3515 941 3600 qui
962 3526 1032 3577 erat
1056 3510 1167 3577 senior
1184 3513 1228 3578 ita
1247 3538 1384 3578 exorsus
1403 3527 1454 3578 est
1475 3540 1481 3576 :

374 3642 390 3678 ιι
411 3616 530 3681 Uxoris
550 3613 637 3678 Aetii
654 3612 808 3678 lacrimas
828 3613 953 3680 diutius
974 3617 1139 3681 sustinere
1162 3641 1228 3682 non
1253 3615 1373 3707 patior.
1397 3617 1486 3683 Petit
1499 3641 1525 3680 ao

372 3718 461 3784 enim
476 3714 644 3797 assiduae,
668 3729 705 3781 nt
720 3716 826 3782 virum
851 3742 945 3782 snum
969 3717 1011 3783 de
1039 3718 1156 3784 Galliis
1179 3720 1335 3785 reducam
1356 3720 1484 3785 incolo-

373 3845 478 3898 mem,
514 3844 587 3885 cum
620 3820 709 3885 aliud
746 3819 865 3885 exinde
887 3819 1004 3887 fnisset
1029 3821 1116 3910 apud
1150 3821 1298 3887 divinum
1326 3823 1485 3888 iudicium

373 3921 601 4013 praefinitum,
639 3923 698 3986 sed
722 3936 833 3988 tamen
864 3923 1002 3988 obtenui
1031 3922 1215 3989 inmensam
1242 3926 1399 4013 pietatem
1425 3950 1486 4014 pro

372 4027 439 4090 vita
459 4025 558 4091 illius.
590 4026 632 4090 Et
658 4048 736 4091 ecce
765 4047 853 4090 nunc
885 4024 978 4090 illum
1005 4050 1149 4115 propero
1176 4027 1341 4093 viventem
1367 4026 1486 4092 exinde

375 4128 589 4195 reducturus!
621 4130 855 4194 Verumtamen
891 4129 1053 4208 obtestor,
1082 4141 1119 4194 nt
1149 4129 1206 4217 qni
1231 4131 1312 4195 haec
1345 4127 1487 4195 audierit
1500 4155 1527 4194 as
1605 4201 1606 4220 ¹

376 4232 472 4296 sileat
490 4232 737 4319 archanumque
757 4230 928 4322 divulgare
948 4255 1016 4296 non
1036 4231 1171 4312 audeat,
1197 4257 1239 4299 ne
1262 4245 1378 4322 pereat
1396 4233 1486 4298 velo·
1605 4221 1606 4224 Ἴ

378 4332 460 4402 citer
475 4358 492 4400 a
509 4346 606 4401 terra.
625 4359 641 4396 ιι
661 4333 720 4398 llle
738 4346 846 4399 autem
861 4334 943 4400 haec
962 4333 1118 4416 audiens,
1138 4334 1230 4410 silire
1253 4341 1342 4418 n0[n]
1358 4335 1484 4426 potuit3
