3220 5158
390 420 554 470 HISTORIAE
572 417 772 470 FRANCORUM
788 418 885 468 LIBER
902 417 934 464 11.
1187 419 1217 466 47

100 541 150 602 De
170 537 269 603 huius
285 537 389 626 stirpe
404 537 539 627 quidam
552 539 788 604 Merovechum
804 560 916 626 regem
928 534 1029 600 luisse
1048 549 1216 616 asserunt,

100 639 196 706 cuius
212 640 274 705 luit
294 639 382 706 filius
404 640 624 706 Chlldcrieus.

145 823 237 888 VIIII
259 821 336 910 (10).
357 821 424 888 Sed
447 823 529 886 haec
547 820 720 911 generatio
748 819 902 886 fanaticis
923 844 1055 909 semper
1074 819 1218 890 cultibus

99 923 170 988 visa
188 937 240 989 est
251 923 449 1013 obsequium
463 922 677 1012 praebuisse,
695 947 757 987 nec
770 946 908 1011 prorsus
918 918 1081 1012 agnouere
1099 926 1217 1002 Deum,

73 1023 235 1114 ssibique
260 1025 414 1091 silvarum
441 1038 540 1114 atque
565 1049 740 1115 aquarum,
770 1023 878 1090 avium
912 1025 1159 1116 bestiarumque
1187 1040 1221 1093 et

101 1127 243 1193 aliorum
270 1153 404 1217 quoque
422 1127 655 1194 alimentorum
680 1125 824 1192 fincxere
845 1128 984 1208 fermas;
1005 1127 1163 1218 ipsasque
1184 1143 1222 1196 ut

101 1233 210 1295 Deum
234 1230 344 1295 colere
374 1229 512 1320 eiusque
536 1228 734 1296 sacrificium
761 1229 910 1294 delibare
935 1229 1097 1296 consueti.
1123 1232 1169 1296 O!
1193 1233 1220 1298 si

101 1356 219 1400 eorum
239 1331 340 1398 fibras
359 1332 509 1398 cordium
530 1356 595 1397 vox
616 1331 673 1395 illa
692 1330 860 1396 terribelis
882 1331 1065 1423 attigisset,
1087 1333 1144 1422 qui
1159 1359 1221 1423 pro

100 1433 210 1526 Moysi
226 1435 351 1524 populo
370 1435 481 1502 locuta
499 1447 565 1515 cst,
583 1433 700 1500 dicens
719 1461 725 1498 :
743 1435 818 1508 Nora
837 1440 903 1500 sint
916 1436 975 1524 tibi
988 1437 1035 1500 dii
1049 1437 1220 1528 aliiprae-

63 1564 87 1601 ro
103 1553 154 1602 ter
168 1562 232 1603 ma²
248 1538 323 1606 Non
338 1539 520 1630 faciestibi
532 1537 680 1627 sandaliis
700 1562 803 1627 neque
816 1538 973 1602 adorabis
990 1563 1115 1603 omnem
1130 1545 1221 1605 simi-

101 1641 272 1705 litudinem
290 1645 418 1732 quaein
436 1640 526 1705 eaelo
541 1654 618 1704 snat
634 1655 664 1704 et
679 1665 764 1731 quae
783 1646 815 1704 in
839 1654 974 1704 terrast
989 1665 1074 1731 quae
1092 1667 1222 1708 versan-

101 1759 157 1808 tnr
174 1748 208 1807 in
227 1746 322 1833 aquis
329 1767 342 1826 ‚·
356 1767 420 1806 non
434 1744 539 1833 facies
556 1757 587 1806 et
602 1766 665 1806 non
677 1743 762 1808 coles
775 1767 814 1806 ea
827 1743 849 1806 ¹.
865 1745 907 1808 Et
920 1740 1003 1808 illud
1020 1768 1026 1805 ε
1045 1745 1220 1809 Dominam

101 1848 207 1910 Deum
232 1859 322 1910 taum
343 1846 498 1909 adorabis
523 1858 553 1908 et
575 1845 625 1909 illi
642 1845 705 1910 soli
730 1849 850 1912 servies
870 1869 910 1908 ac
928 1871 992 1935 per
1020 1870 1135 1910 nonren
1153 1852 1222 1911 eius

101 1950 231 2013 iurabis
245 1949 269 2012 ².
290 1946 378 2030 Quid
403 1946 430 2011 si
459 1946 657 2038 intellegere
677 1946 883 2035 potuissent,
918 1972 1002 2039 quae
1036 1973 1097 2036 pro
1127 1947 1222 2013 vituli

63 2077 87 2117 15
103 2049 283 2116 conflatilis
305 2049 519 2115 veneratione
539 2049 783 2115 israheliticum
806 2050 967 2140 populum
994 2049 1077 2116 ultio
1106 2053 1222 2116 subse·

102 2166 179 2220 cuta
200 2151 465 2241 conpraesserit,
483 2176 557 2217 cum
576 2163 653 2240 post
663 2153 797 2241 cpolum
816 2165 849 2219 et
873 2151 1018 2233 cantica,
1040 2164 1117 2242 post
1132 2153 1222 2218 luxa.-

103 2256 168 2321 rias
184 2268 284 2345 atque
299 2253 492 2319 saltationes
510 2279 584 2319 cum
600 2278 657 2319 ore
670 2253 834 2320 inmundo
844 2255 1035 2343 proferrent
1046 2256 1087 2321 de
1104 2257 1222 2321 eodem

103 2358 260 2448 sculptile
283 2359 363 2422 :Hii
388 2357 401 2448 11
424 2371 500 2423 sant
522 2357 569 2421 dii
590 2363 654 2438 tui,
684 2357 830 2438 Israhel,
859 2361 917 2446 qui
936 2371 964 2420 te
983 2358 1167 2422 eduxerant
1184 2359 1287 2424 deeol.
1306 2376 1344 2424 64.

102 2476 193 2527 terra
213 2461 375 2551 Aegyptii
390 2462 402 2505 3
418 2458 622 2525 Ceciderunt
641 2484 681 2524 ex
699 2459 747 2524 eis
764 2459 883 2549 viginti
903 2473 936 2524 et
954 2473 1113 2550 quattuor
1132 2461 1223 2526 milia

61 2590 88 2629 ao
103 2564 288 2632 hominum.
314 2562 403 2648 Quid
421 2565 462 2629 de
484 2562 537 2628 his
560 2562 616 2653 qui
644 2561 771 2628 iniciati
794 2563 987 2654 Belphegor
1007 2589 1081 2629 cum
1097 2567 1222 2632 Moabi-

103 2667 192 2732 tibus
210 2667 224 2758 ΙΙ
241 2679 352 2732 scorto
368 2665 554 2745 commixti,
570 2691 587 2730 a
602 2665 762 2755 proximis
783 2665 1058 2754 caesi,prostrati
1076 2669 1376 2734 suntPInFol.21v⁰.

104 2794 167 2860 qua
201 2770 299 2860 plaga
333 2768 453 2835 Finees
474 2769 645 2848 sacerdos,
683 2767 894 2857 interemptis
929 2768 1058 2851 alteris,
1097 2770 1224 2835 sedavit
1329 2831 1334 2838 .

104 2873 248 2938 lurorem
267 2873 346 2952 Dei,
364 2884 398 2937 ct
416 2885 600 2961 repetatum
616 2884 663 2935 est
679 2871 728 2935 illi
747 2872 792 2936 ad
804 2877 962 2935 iustitiam
978 2871 1001 2935 4.
1024 2869 1132 2955 Quid,
1152 2873 1179 2937 si
1191 2885 1224 2939 et

105 2975 160 3040 illa
180 2999 295 3040 eorum
308 2974 443 3040 auribus
461 2973 563 3038 inlata
583 2972 717 3053 fuisset,
740 2973 830 3062 quod
854 2972 1017 3038 Dominus
1039 2999 1100 3063 per
1117 2976 1236 3043 David·

65 3103 90 3142 ss
106 3078 252 3157 intonat,
274 3077 391 3154 dicens
411 3103 419 3140 2
442 3078 531 3164 Quia
543 3101 653 3142 omnes
671 3078 720 3141 dii
732 3082 878 3166 gentiam
904 3078 1094 3157 daemonia,
1114 3080 1223 3144 Domi-

106 3205 166 3246 nus
187 3196 296 3245 aatem
314 3181 422 3246 caelos
442 3183 521 3270 feeit
534 3180 570 3244 5?
591 3181 655 3244 Et:
674 3180 865 3244 Simulaera
883 3185 1030 3269 gentiam
1049 3195 1222 3270 argentum

106 3299 135 3348 et
155 3307 296 3364 aarum,
324 3307 425 3372 opera
449 3306 608 3347 manuum
632 3283 809 3348 heminam.
831 3283 954 3350 Similis
977 3283 1041 3347 illis
1063 3282 1149 3370 fiant
1169 3289 1227 3374 qai

102 3391 234 3478 faciant
250 3411 301 3466 ea,
320 3401 349 3450 et
366 3390 550 3474 omnesqui
564 3385 733 3471 confidunt
751 3391 783 3448 in
799 3384 873 3449 eisss.
885 3385 945 3452 Vel
960 3385 1043 3451 illud
1063 3413 1068 3450 :
1085 3387 1225 3476 Consan-

106 3491 230 3554 dantur
247 3513 356 3553 amnes
373 3493 431 3578 qai
444 3487 587 3552 adorant
603 3487 767 3576 scalptile,
790 3491 847 3576 qui
863 3488 1055 3578 gloriantur
1073 3494 1106 3552 in
1122 3494 1224 3552 sima·

68 3615 93 3654 ao
107 3592 207 3655 larris
217 3588 316 3653 suisl.
327 3588 499 3654 Etiterum
513 3577 771 3678 quodAbbacuc
780 3588 907 3677 profeta
917 3601 1071 3669 testatur,
1084 3588 1200 3654 dicens
1216 3615 1222 3653 :

109 3693 199 3782 Quid
221 3692 355 3780 prodest
379 3692 529 3780 scalprtile
546 3693 636 3781 qaod
657 3692 865 3780 sculpserunt
888 3691 994 3756 illud?
1021 3693 1226 3756 Fincxerunt

108 3794 191 3860 illnd
202 3795 377 3883 conflatile,
402 3797 575 3885 fantasma
594 3795 746 3859 alendum
766 3808 821 3859 est
844 3795 914 3858 Hoc
931 3808 1039 3860 antem
1051 3796 1225 3885 productio

108 3903 240 3988 argenti
254 3912 284 3961 et
301 3903 388 3977 anri,
399 3903 761 3988 etamnesspiritusnon
781 3912 828 3962 est
843 3903 875 3962 in
889 3903 935 3963 eis
947 3899 1226 3965 Daminusautem

109 3999 277 4088 intemplo
302 4013 415 4064 sancto
436 4025 496 4065 sao
523 4007 664 4064 :timeat
692 4015 800 4066 autem
824 4025 846 4064 a
860 4001 949 4090 facie
975 4007 1044 4066 eius
1071 4008 1227 4068 universa

142 4241 162 4292 1.
182 4243 260 4293 Exad.
275 4247 316 4305 20,
331 4249 399 4295 3-5.
410 4274 442 4284 -
455 4248 478 4296 2.
496 4247 598 4297 Denter.
616 4251 643 4306 6,
662 4248 699 4298 13.
711 4277 742 4288 -
754 4251 777 4298 3.
794 4250 875 4298 Exad.
888 4251 926 4310 32,
944 4253 967 4298 1.
983 4277 1013 4288 --
1023 4252 1046 4299 4.
1063 4252 1105 4300 rs.
1120 4249 1173 4310 105,
1186 4249 1225 4298 31.

111 4308 132 4354 5.
152 4307 195 4355 Ps.
208 4309 251 4366 95,
265 4311 285 4356 5.
300 4335 330 4345 —
342 4311 364 4357 6.
383 4309 426 4358 Ps.
441 4311 500 4368 134,
515 4311 556 4370 15,
571 4312 608 4359 18.
622 4340 653 4350 ·-
668 4315 690 4359 7.
709 4314 751 4361 Ps.
764 4315 805 4376 96,
822 4315 844 4361 7.
