3256 5144
388 388 434 434 210
673 385 831 434 GREGOlill
851 381 1060 432 TURONENSIS
1080 383 1229 430 tristor!

388 518 417 548 sa
438 501 532 564 plicat,
554 507 582 546 ut
601 515 770 556 consensum,
791 514 868 562 quem
890 498 917 544 in
937 498 1122 561 Burgundione
1144 505 1238 560 nepote
1258 515 1305 546 suo
1327 499 1436 554 fecerat,
1457 500 1512 546 suis

388 517 626 625 subscriptionibus
640 562 802 610 roborarent.
816 560 891 616 Quod
906 575 965 606 eum
981 561 1079 608 iactum
1096 560 1197 616 fuisset,
1212 576 1271 608 cum
1285 561 1370 608 adme
1385 559 1510 635 dirigunt.

389 625 451 672 Erat
466 629 528 671 tunc
540 623 668 686 temporis
681 623 834 687 Burgundio
850 622 925 685 quasi
939 638 1066 669 annorum
1079 622 1173 684 viginti
1190 624 1313 686 quiaque.
1332 621 1382 676 Qui
1395 638 1510 678 vemens,

387 703 416 734 ro
436 693 478 741 at,
491 692 521 732 ut
538 685 663 732 accedens
677 701 759 750 usque
771 687 925 741 Namnetes,
940 685 1092 747 episcopum
1105 701 1164 732 cum
1177 685 1203 730 in
1217 685 1302 732 locum
1318 685 1453 740 avunculi,
1467 686 1512 748 qui

387 703 472 795 adluc
483 754 616 810 superstes
627 753 694 808 erat,
708 753 873 795 tonsoratum
884 762 1037 794 consecrare
1049 747 1180 793 deberem.
1195 746 1269 801 Quod
1286 762 1334 820 ego
1345 747 1437 802 abnui,
1450 747 1512 810 quia
1525 753 1537 789 5

252 807 306 852 Col·
321 809 373 852 ‘292-
386 810 531 858 canonibus
541 826 592 856 non
604 813 613 868 ΙΙ
625 811 763 856 convenire
773 808 893 872 cognovi.
905 808 1050 856 Consilium
1061 813 1148 855 tamen
1158 809 1278 871 praebui,
1289 807 1378 855 dicens
1390 825 1395 855 :
1406 826 1418 856 a
1430 810 1513 856 llabe·

387 889 445 919 mua
462 872 588 936 scriptum
600 872 627 918 in
637 872 794 928 canonibus,
810 871 861 926 fili,
872 887 923 918 non
934 886 1011 933 posse
1024 886 1182 934 quemquam
1193 871 1226 917 ad
1240 871 1422 933 episcopatum
1437 887 1513 919 acee-

386 934 460 990 dere,
474 934 525 980 nisi
545 933 620 996 prius
633 933 827 981 ecclesiasticus
843 933 941 995 gradus
957 933 1116 996 regulariter
1136 933 1269 980 sortiatur.
1286 933 1325 980 Ta
1341 947 1403 995 crgo
1413 970 1418 987 ,
1430 933 1513 980 dilec-

385 996 496 1050 tissime,
514 1001 645 1043 revertere
662 995 761 1042 illucet
774 1002 845 1058 pete,
860 1001 889 1042 ut
900 995 958 1058 ipse
973 1001 999 1042 te
1014 995 1058 1057 qui
1071 993 1152 1057 elegit
1163 993 1258 1042 debeat
1270 1001 1416 1043 tonsorare.
1432 995 1513 1043 Curn-

386 1073 435 1122 que
447 1057 598 1121 presbiterii
612 1058 737 1105 bonorem
752 1057 893 1120 acceperis,
915 1056 948 1103 ad
963 1056 1101 1104 ecclesiam
1116 1056 1239 1104 assiduus
1256 1062 1325 1113 csto;
1339 1063 1364 1104 et
1380 1073 1440 1104 cum
1453 1073 1512 1104 eum
1530 1065 1553 1102 to

386 1121 454 1168 beas
469 1120 584 1182 migrare
597 1119 721 1176 voluerit,
739 1125 801 1166 tune
820 1126 848 1167 tu
862 1118 938 1164 laeile
955 1118 1105 1181 episcopale
1119 1117 1233 1181 gradum
1245 1118 1378 1166 ascendes.
1394 1121 1452 1166 »At
1468 1119 1514 1168 ille

386 1197 523 1245 regressus
533 1219 539 1237 ‚
550 1181 690 1230 consilium
706 1187 843 1244 acceptum
857 1179 928 1227 adim
949 1180 1002 1226 lere
1016 1178 1207 1236 dissimularit,
1222 1196 1251 1227 eo
1265 1180 1336 1243 quod
1353 1180 1424 1228 Felix
1442 1182 1514 1244 cpis-

386 1259 467 1306 copus
479 1243 511 1291 ab
522 1243 686 1291 incommodo
700 1243 784 1291 levius
797 1259 875 1306 agere
892 1197 1032 1289 vidiretur.
1052 1242 1102 1288 Sed
1124 1249 1265 1305 postquam
1278 1242 1358 1290 febris
1376 1243 1513 1298 discessit,

386 1306 466 1354 tibiae
476 1305 532 1353 eius
546 1306 579 1352 ab
589 1305 699 1352 hamore
709 1305 831 1370 pustulas
844 1310 1015 1352 emerserunt.
1030 1303 1102 1350 Tunc
1111 1305 1312 1352 cantaredarum
1322 1305 1515 1367 cataplasmam

386 1368 496 1416 nimium
506 1367 622 1414 validam
631 1383 745 1430 ponens,
760 1366 1033 1429 computrescentibus
1044 1366 1132 1421 tibiis,
1147 1381 1214 1413 anno
1227 1365 1396 1429 episcopatus
1410 1368 1452 1414 sui
1465 1367 1514 1414 tri·
1530 1378 1554 1414 ts

386 1429 482 1476 cesimo
494 1429 580 1486 tertio,
592 1435 676 1476 aetate
686 1429 889 1492 septuagenaria
901 1428 982 1474 vitam
995 1427 1088 1474 finivit.
1101 1428 1149 1474 Cui
1157 1427 1317 1475 Nonnicbias
1328 1429 1513 1478 consobrinus.

386 1507 446 1554 rege
459 1491 605 1546 ordinante,
621 1492 755 1538 successit.

430 1675 521 1740 Vllll
538 1673 616 1760 (16).
636 1672 785 1737 Audiens
803 1685 911 1738 autem
933 1672 1148 1760 Pappolenus
1165 1671 1237 1736 eius
1258 1673 1403 1751 obitum,
1428 1697 1513 1762 nep·

385 1788 452 1840 tem
466 1773 568 1853 illius,
590 1775 631 1838 de
650 1798 715 1863 qua
736 1786 908 1862 separatus
924 1773 1048 1852 fuerat,
1067 1773 1198 1861 recipit.
1219 1774 1306 1838 Ante
1320 1787 1430 1838 autem
1448 1776 1514 1838 hoc

385 1892 517 1965 tempus
539 1877 769 1963 dispensatam
796 1900 868 1940 eam
901 1877 1080 1955 habuerat;
1113 1876 1171 1940 scd
1208 1875 1442 1942 dissimulante
1470 1876 1550 1942 dero

386 1978 512 2067 nuptiis
541 1978 644 2044 Felici
673 1978 852 2066 episcopo,
874 1977 930 2042 hic
953 2001 1028 2042 cum
1051 2001 1169 2068 magna
1193 1979 1332 2042 cohorte
1352 1979 1512 2050 veniens,

385 2083 426 2144 ab
446 2079 592 2145 oratorio
618 2078 762 2169 puellam
790 2078 952 2144 abstraxit
973 2093 1006 2144 ct
1031 2079 1066 2144 in
1094 2079 1265 2145 basilicam
1288 2079 1377 2144 beati
1397 2081 1512 2146 Albini

385 2183 545 2272 confugit.
566 2185 659 2248 Tunc
681 2181 775 2247 Felix
796 2180 976 2270 episcopus
1003 2183 1050 2246 ira
1075 2195 1279 2262 commotus,
1302 2182 1513 2250 circumven-

384 2297 451 2348 tam
473 2284 618 2372 puellam
650 2283 737 2349 dolis
769 2309 787 2348 a
817 2282 935 2348 marito
963 2282 1147 2372 separavit;
1179 2295 1371 2372 mutataque
1398 2299 1510 2362 veste,

384 2399 465 2474 aput
489 2389 706 2453 Vasatensem
733 2387 851 2451 urbem
885 2387 919 2449 in
952 2385 1156 2450 monasterio
1191 2386 1313 2475 posuit.
1351 2386 1419 2452 Sed
1454 2387 1510 2452 illa
1524 2413 1548 2449 ar,

384 2488 534 2554 occultos
550 2513 672 2576 pueros
692 2487 828 2553 nuntios
851 2486 993 2578 diregit‚
1014 2501 1051 2553 ut
1073 2487 1204 2554 scilicet
1227 2512 1299 2552 eam
1323 2502 1475 2577 ereptam
1497 2514 1512 2552 a

384 2590 471 2668 loco,
494 2589 528 2654 in
549 2615 615 2678 quo
635 2590 743 2678 posita
756 2602 838 2667 erat,
859 2603 1046 2678 acceperet.
1071 2589 1169 2673 Quod
1186 2589 1241 2654 ille
1257 2615 1324 2654 non
1344 2591 1510 2667 abnuens,

384 2693 595 2782 adsumptam
615 2692 657 2756 de
678 2691 882 2756 monasterio
904 2691 1049 2780 puellam
1068 2717 1128 2757 suo
1144 2692 1302 2782 coniugio
1324 2693 1510 2782 copolavit‚
1601 2730 1602 2747 .

385 2795 580 2884 regalesque
597 2795 745 2860 munitus
763 2793 1071 2882 praeceptionibus,
1084 2793 1201 2858 timere
1213 2807 1388 2881 parentum
1408 2795 1512 2861 distu·
1600 2833 1601 2839 .

385 2895 425 2959 lit
447 2920 594 2960 maenas.
1525 2923 1548 2958 aa
1599 2905 1600 2929 ³

429 3089 560 3175 x(17).
599 3091 669 3156 Rex
709 3113 787 3154 vero
818 3089 1031 3178 Chilpericas
1075 3091 1198 3155 multos
1236 3092 1433 3156 ludaeorum
1472 3118 1510 3156 eo
1594 3143 1597 3201 1

384 3215 472 3255 anno
489 3190 660 3278 baptizare
676 3190 853 3280 praecipit,
879 3215 918 3256 ex
937 3190 1059 3279 quibus
1080 3192 1193 3280 plures
1212 3191 1338 3282 excipit
1355 3217 1372 3256 a
1393 3207 1509 3260 sancto
1593 3213 1596 3291 p

384 3292 527 3356 lavacro.
548 3291 709 3358 Nonnulli
727 3304 839 3356 tamen
856 3317 990 3370 eorum,
1012 3318 1153 3380 corpore
1173 3293 1276 3358 abluti
1293 3307 1421 3359 tantum
1442 3321 1508 3362 non

248 3393 502 3472 (301,293‚corde‚
523 3393 536 3478 ΙΙ
555 3395 595 3458 ad
628 3393 732 3481 ipsam
754 3418 853 3482 quam
879 3394 972 3482 prius
998 3395 1172 3483 perfidiam
1202 3397 1405 3480 habuerant,
1437 3401 1508 3466 Deo
1583 3396 1587 3405 '

384 3494 534 3572 mentiti,
557 3494 701 3586 regressi
726 3509 819 3574 sunt,
845 3495 890 3560 ita
915 3509 950 3560 ut
975 3509 1008 3560 et
1033 3498 1206 3561 sabbatum
1234 3498 1454 3566 observarent
1477 3513 1543 3564 etas
1583 3572 1587 3585 Ι

384 3595 473 3662 diem
506 3595 709 3662 dominicum
745 3599 911 3662 bonorare.
952 3597 1139 3662 videantur.
1181 3597 1315 3664 Priscus
1353 3624 1431 3668 vero
1468 3601 1506 3666 ad

384 3699 655 3788 cognoscendam
685 3699 858 3764 veritatem
900 3700 991 3764 nulla
1032 3700 1187 3790 paenitus
1232 3703 1342 3789 potuit
1376 3703 1507 3770 ratione

232 3817 283 3864 tot.
296 3821 325 3864 85
338 3800 529 3866 v·.deilecti.
547 3797 560 3888 ΙΙ
574 3803 667 3866 Tunc
686 3799 789 3866 iratus
811 3826 868 3866 rex
891 3801 986 3867 iussit
1008 3827 1082 3866 eum
1103 3802 1275 3867 custodiae
1296 3805 1504 3895 mancipare,
1581 3811 1582 3818 ’

384 3901 513 3967 scilicet
532 3914 587 3980 ut,
617 3927 716 3991 quem
737 3904 875 3968 credere
897 3904 1104 3969 voluntariae
1128 3927 1194 3968 non
1220 3918 1371 3992 poterat,
1390 3909 1506 3974 audire

383 4018 414 4070 et
443 4005 580 4070 credere
604 4006 727 4070 laceret
752 4006 803 4069 vel
824 4005 975 4072 invitum.
1005 4007 1071 4072 Sed
1090 4006 1163 4086 itte,
1190 4007 1277 4072 datis
1304 4009 1540 4099 quibusdamn
1574 4060 1580 4071 .

383 4105 589 4188 muneribus,
607 4106 749 4196 spatium
766 4107 926 4196 postulat,
940 4110 1048 4173 donec
1067 4108 1240 4175 filiuseius
1260 4111 1505 4180 Massiliensem

383 4211 565 4274 Hebraeum
585 4208 742 4300 accipiat;
763 4207 934 4298 pollicitor
951 4211 1104 4292 dolosae,
1121 4237 1156 4277 se
1171 4212 1332 4302 deinceps
1348 4239 1433 4302 quae
1450 4241 1505 4281 rex
1567 4278 1570 4290 ,
