3226 5156
430 427 595 480 HISTORIAE
613 425 814 478 Francorum
830 425 928 476 LIBER
945 427 990 476 ΙΙΙ.
1238 429 1268 474 87

146 543 317 634 potuisset
338 569 406 634 uon
423 544 557 611 distitit.
581 548 656 630 Quo
675 543 864 625 interfecto,
888 567 940 611 res
961 545 1031 610 eius
1051 544 1133 610 fisco
1154 542 1267 634 conla-

145 659 202 714 tae
218 659 306 714 sunt.

193 829 263 897 XV.
282 827 511 896 Theudoricus
528 852 606 894 vero
627 840 661 894 et
671 827 909 894 Childebertus
927 827 1044 894 foedus
1059 827 1219 914 inierunt,
1237 844 1270 896 et

148 932 229 997 dato
249 930 315 998 sibi
341 944 560 1012 sacramento,
592 944 629 998 ut
656 931 769 998 nullus
801 943 918 998 eontra
946 930 1047 997 alium
1073 933 1267 1014 moventur,

115 1033 285 1100 eobsides
309 1035 350 1100 ab
374 1033 516 1101 invicem
541 1045 762 1122 acceperunt,
794 1058 860 1123 quo
882 1033 1017 1100 facilius
1045 1034 1267 1117 firmarentur,

147 1162 234 1228 quae
255 1138 386 1203 fueraut
407 1127 508 1203 dicta.
530 1135 627 1204 Multi
647 1149 728 1201 tune
748 1148 941 1201 senatorum
962 1135 1023 1203 lilii
1037 1135 1074 1202 in
1093 1139 1156 1202 hac
1177 1136 1269 1202 obsi-

147 1241 250 1307 dione
268 1239 337 1307 dati
353 1251 447 1321 sunt,
469 1239 528 1305 sed
546 1241 620 1304 orto
636 1237 757 1304 iterum
777 1237 983 1330 interreges
1004 1240 1209 1322 scandalum,
1229 1241 1270 1305 ad
1311 1258 1315 1266 ·

148 1341 326 1408 servicium
344 1341 516 1432 publicum
534 1353 612 1406 sunt
625 1339 767 1421 addicti,
790 1353 824 1405 et
842 1340 1044 1431 quicumque
1060 1367 1117 1408 eos
1137 1343 1178 1408 ud
1199 1366 1276 1408 cust

147 1445 347 1512 tudiendurn
364 1443 505 1534 accepit.
528 1443 625 1511 Multi
647 1455 758 1509 tamen
782 1466 823 1508 ex
842 1443 890 1509 eis
909 1445 1095 1536 perfugam
1111 1444 1210 1536 lapsi,
1234 1445 1269 1510 in

102 1574 130 1613 ro
149 1547 303 1639 palltriam
331 1547 521 1626 redierunt,
553 1545 708 1612 nonnulli
743 1545 778 1612 in
812 1546 988 1614 servicium
1019 1561 1098 1614 sunt
1132 1548 1266 1615 retenti.
1281 1568 1335 1616 col.
1349 1569 1401 1616 119.

148 1653 241 1716 Inter
252 1659 339 1739 quos
352 1648 495 1730 Attalus,
515 1671 622 1738 nepus
636 1649 725 1714 beati
739 1647 895 1739 Gregorii
911 1647 1094 1740 Lingonaoi
1104 1649 1269 1741 episcopi,

150 1753 190 1819 ed
204 1752 377 1842 publicum
397 1750 573 1818 servicium
592 1749 800 1841 mancipatus
819 1764 870 1816 est
890 1755 1070 1842 custosque
1088 1776 1270 1844 aequorum

149 1855 340 1922 distinctus.
360 1857 439 1922 Erat
457 1853 544 1920 enim
563 1852 650 1919 intra
671 1852 839 1920 Treveriei
852 1853 1031 1920 terreturio
1047 1855 1178 1926 cuidam
1197 1856 1269 1921 bar·

148 1961 230 2025 baro
250 1958 410 2025 serviens.
440 1955 594 2046 Denique
619 1958 736 2022 beatus
760 1956 944 2047 Gregorius
965 1958 1006 2022 ad
1030 1957 1269 2048 inquirendum

102 2088 132 2126 15
148 2086 225 2126 eum
244 2085 367 2152 pueros
391 2059 583 2141 distinavit,
613 2058 670 2148 qui
696 2057 888 2140 inventum,
914 2060 1110 2126 obtulerunt
1134 2061 1270 2127 homine

149 2188 299 2244 munera,
315 2161 330 2254 ΙΙ
346 2163 405 2229 sed
430 2174 567 2253 respuet
586 2186 636 2243 ea,
667 2159 784 2227 dicens
805 2187 812 2227 ε
836 2189 854 2225 «
879 2163 940 2229 Hic
963 2164 1030 2229 tale
1047 2164 1335 2255 generacioneFol-
1351 2177 1387 2222 37.

149 2265 259 2332 decim
275 2264 347 2330 auri
366 2265 469 2331 libras
484 2264 603 2330 redimi
625 2267 737 2331 debet.
762 2291 779 2328 n
802 2265 931 2351 Quibus
949 2267 1182 2348 redeuntibus,
1204 2271 1270 2334 Leo

149 2367 286 2458 quidam
302 2391 342 2432 ex
360 2367 502 2457 coquina
514 2367 641 2434 domini
657 2367 707 2432 sui
719 2367 765 2432 ait
783 2395 789 2432 :
810 2367 972 2434 «Utinam
986 2394 1038 2434 me
1052 2369 1270 2458 permitteris,

150 2483 184 2536 et
210 2470 360 2535 forsitam
391 2494 454 2561 ego
484 2481 636 2558 poteram
665 2492 741 2535 eum
770 2469 929 2535 reducere
960 2495 1001 2536 ex
1028 2469 1229 2561 captivitate.
1254 2498 1270 2534 o

101 2601 135 2640 ro
150 2573 273 2642 Gaviso
295 2584 406 2637 autem
429 2571 587 2652 domino,
607 2571 756 2638 directus
780 2573 872 2638 venit
901 2573 942 2636 ad
966 2572 1077 2639 locum
1101 2573 1310 2665 voluitque?-

150 2699 293 2768 puerum
324 2675 409 2740 clam
432 2676 638 2756 abstrahere,
670 2675 737 2740 sed*
754 2698 822 2740 non
842 2677 971 2763 potuer.
1005 2678 1098 2742 Tunc
1127 2676 1273 2743 locatum

152 2803 266 2846 secum
281 2776 453 2843 hominem
471 2777 650 2866 quendam,
672 2779 717 2844 ait
740 2804 746 2843 :
771 2803 787 2840 e
809 2777 893 2845 Veni
916 2781 1046 2844 mecum
1066 2791 1099 2845 et
1117 2780 1273 2844 venunda

151 2906 204 2948 me
228 2881 264 2946 in
288 2881 388 2946 domu
415 2879 547 2946 barbari
569 2879 678 2961 illius,
710 2867 820 2969 sitque
841 2879 904 2945 tibi
925 2880 1055 2946 lucrum
1080 2881 1273 2970 pra[e]cium

152 3009 280 3064 meum,
301 2995 431 3049 tantum
449 2983 642 3048 liberiorem
667 2982 792 3049 aditum
814 2984 955 3049 habeam
973 2984 1117 3050 faciendi
1133 2983 1168 3048 id
1182 2985 1273 3073 quod

106 3117 136 3157 25
151 3086 290 3156 decrivi.
315 3113 332 3149 n
352 3085 512 3177 Accepita
539 3110 618 3151 vero
640 3099 865 3165 sacramenta,
897 3087 997 3151 homo
1025 3086 1082 3152 ille
1105 3085 1223 3167 habiit,
1241 3099 1274 3152 et

152 3189 325 3258 venditum
356 3188 533 3255 duodecim
568 3187 696 3269 aureis,
731 3187 897 3256 discessit.
935 3187 1131 3256 sciscitatus
1163 3201 1273 3255 eutem

153 3305 288 3382 emptor
312 3292 388 3358 rudi
413 3292 553 3373 famulo,
581 3290 663 3380 quid
685 3315 787 3380 opere
808 3290 925 3372 sciret,
955 3291 1130 3381 respondit
1149 3318 1165 3357 .:
1190 3319 1207 3356 «
1237 3295 1274 3358 In

153 3395 330 3477 omnihus,
357 3419 441 3486 quae
469 3393 670 3460 manducare
694 3393 820 3472 debent
846 3394 882 3462 in
911 3396 1035 3460 mensis
1048 3395 1272 3474 dominorum,

153 3498 250 3564 valde
269 3497 373 3564 scitus
389 3523 461 3563 sum
482 3521 634 3588 operare,
655 3520 717 3562 nec
737 3508 862 3577 metuo,
880 3497 969 3585 quod
982 3500 1153 3588 repperire
1168 3497 1275 3590 possit

108 3631 138 3670 ro
157 3601 275 3667 similis
300 3600 366 3666 mei
390 3600 426 3666 iu
446 3603 508 3668 hac
538 3599 689 3667 scientia.
718 3603 841 3668 Verum
869 3600 957 3664 enim
978 3598 1053 3666 dico
1073 3601 1153 3684 tihi,
1179 3602 1272 3692 quia,

158 3705 257 3772 etiam
269 3703 297 3769 si
314 3705 385 3795 regi
403 3705 503 3795 epulo
521 3703 636 3793 cupias
651 3726 863 3793 praeparare,
879 3703 1004 3769 fercula
1018 3704 1274 3795 regalia'conpo·

158 3831 238 3876 nere
257 3831 415 3897 possum,
433 3831 496 3874 nec
513 3805 689 3896 quisquam
707 3829 789 3870 ame
808 3805 938 3872 melius.
962 3833 980 3868 n
998 3805 1040 3874 At
1057 3807 1113 3872 ille
1132 3833 1139 3894 .²
1157 3833 1174 3872 <r
1189 3810 1275 3874 Eece

21 3921 31 4013 ¹l
159 3912 248 3978 enim
269 3910 341 3976 dies
362 3911 442 3978 solis
463 3908 559 3978 adest
580 3947 624 3960 --
646 3909 694 3976 sic
722 3907 811 3974 enim
829 3908 1000 3976 harbaries
1020 3911 1166 3976 vocitare
1187 3909 1275 3976 diem

159 4014 371 4081 domineeum
389 4025 549 4080 consueta
568 4025 620 4082 est
636 4051 697 4094 -,
718 4013 754 4080 in
774 4014 838 4079 hac
857 4013 931 4080 diae
947 4011 1048 4078 vicini
1069 4027 1105 4078 ao
1121 4014 1276 4102 parentes

110 4146 143 4186 ³⁵
157 4117 222 4184 mei
240 4116 469 4184 invitabuntur
484 4115 519 4182 in
539 4116 639 4182 domu
659 4140 741 4184 mea.
767 4117 874 4207 Rogo,
900 4129 936 4180 ut
955 4115 1055 4181 facias
1073 4116 1155 4183 mihi
1174 4141 1276 4206 pran-

160 4221 268 4308 dium,
282 4220 372 4310 quud
385 4219 603 4300 admirentur,
616 4227 650 4287 et
660 4219 786 4299 dicant,
800 4216 878 4318 quia
890 4218 926 4284 in
943 4219 1043 4284 domu
1054 4219 1143 4310 regis
1158 4217 1276 4284 melius

161 4348 228 4391 non
240 4323 446 4414 aspeximus.
468 4351 486 4388 n
506 4326 549 4390 Et
561 4323 645 4390 ille:
668 4325 821 4391 «lubeat
842 4321 997 4388 dominus
1014 4322 1123 4405 nieus,
1145 4321 1275 4412 inquid,
