3220 5158
336 385 373 445 Ὶ52
627 391 784 443 GREGORll
802 389 1009 439 TURONENSIS
1027 389 1176 439 EPISCOPI

342 527 521 603 emptoque
552 511 655 578 Paulo
680 509 819 590 comite,
851 508 1017 574 civitatem
1046 507 1210 573 obtenuit.
1237 509 1394 597 Magnum
1420 530 1458 570 ea

295 696 299 704 ι
342 617 396 681 dic
411 613 604 680 incendium
624 614 741 679 domus
759 611 921 677 ecclesiae
939 623 1148 677 concremata
1165 622 1225 674 est.

385 801 483 866 Xllll-
495 797 572 887 (19).
593 796 651 862 His
670 796 717 861 ita
733 794 854 887 gestis,
878 794 967 860 inter
990 798 1139 861 Saxones
1166 808 1265 884 atque
1291 796 1458 860 Romanos

225 902 466 968 Gol.7t.bellum
490 900 633 992 gellstum
658 913 727 981 est;
759 901 818 964 sed
844 901 992 966 Saxones
1017 911 1111 988 terga
1127 909 1315 976 vertentes,
1336 897 1458 962 multos

341 1004 382 1069 de
401 1004 489 1084 suis,
510 1001 668 1069 Romanis
683 1001 959 1090 insequentibus,
982 999 1095 1092 gladio
1116 998 1340 1088 reliquerunt,
1365 999 1457 1064 insu·
1473 1023 1486 1061 s

339 1106 391 1172 lae
411 1131 525 1172 eorum
546 1129 620 1170 cum
646 1105 750 1170 multo
774 1104 899 1193 populo
919 1102 1121 1191 interempto
1142 1127 1160 1166 a
1181 1101 1320 1168 Francis
1342 1114 1458 1191 captae

341 1221 440 1299 atque
463 1210 639 1274 subversae
661 1219 749 1272 sunt.
771 1209 818 1270 Eo
839 1230 927 1270 anno
951 1205 1057 1270 mensi
1076 1228 1165 1270 nono
1192 1217 1282 1270 terra
1308 1202 1456 1269 tremuit.

342 1310 546 1376 Odovacrius
565 1334 639 1375 cum
659 1307 978 1375 Childericofoedus
996 1306 1089 1386 iniit,
1104 1305 1460 1396 alamannosque,qui

341 1407 470 1504 partem
488 1411 602 1478 ltaliae
620 1423 856 1501 pervaserant,
875 1409 1146 1500 subiugaverunt.

386 1599 445 1664 XV
464 1597 541 1685 (20).
566 1595 705 1661 Eoricus
725 1607 834 1660 autem
853 1593 1039 1660 Gothorum
1057 1615 1115 1657 rex
1134 1590 1317 1658 Victoriam
1338 1589 1457 1656 ducem
1472 1617 1499 1656 ro

343 1724 443 1788 super
463 1711 590 1788 septem
611 1697 761 1763 civitates
777 1694 972 1785 praeposuit
990 1719 1077 1759 anno
1091 1705 1210 1782 quarto
1222 1691 1352 1760 decimo
1365 1693 1458 1784 regni

287 1812 289 1818 '
342 1803 404 1867 sui.
438 1801 502 1884 Qui
525 1813 685 1890 protenus
719 1799 887 1864 Arvernus
912 1795 1113 1876 adveniens,
1145 1796 1311 1862 civitatem
1337 1796 1459 1862 addere

341 1903 464 1984 voluit,
484 1904 573 1979 unde
592 1915 624 1967 et
640 1901 784 1991 scriptae
800 1900 877 1965 illae
892 1925 998 1989 usque
1016 1898 1117 1965 hodie
1131 1912 1293 1989 perstant.
1309 1898 1361 1964 Ad
1375 1899 1459 1964 basi-

341 2007 446 2072 lecam
470 2007 576 2070 sancti
596 2004 715 2070 Iuliani
740 2004 928 2083 colomnas,
953 2026 1037 2091 quae
1058 2017 1135 2066 sunt
1156 2002 1191 2066 in
1210 2003 1291 2068 aede
1312 2000 1458 2091 positae,

342 2109 500 2176 exhibere
517 2107 624 2172 iussit.
636 2108 820 2172 Basilecam
838 2106 944 2171 sancti
962 2105 1118 2170 Laurenti
1130 2117 1163 2170 et
1174 2107 1279 2170 sancti
1298 2105 1456 2172 Germani
1473 2130 1499 2168 15

342 2209 586 2278 Licaniaceusis
610 2209 674 2275 vici
707 2209 805 2274 iussit
829 2207 1025 2274 aedilccare.
1055 2207 1131 2274 Fuit
1156 2219 1265 2272 autem
1289 2209 1457 2273 Arvernus

342 2313 437 2379 anuis
458 2337 586 2378 novem.
605 2314 714 2400 Super
730 2308 922 2376 Euchirium
944 2334 1023 2376 vero
1042 2321 1229 2375 senatorem
1252 2309 1458 2400 calumpnias

340 2416 505 2496 devolvit;
537 2440 635 2504 quem
661 2414 696 2478 in
725 2438 857 2480 carcere
880 2412 1026 2502 positum
1055 2426 1154 2477 nocte
1184 2414 1313 2478 extrahi
1342 2411 1456 2493 iussit,

347 2518 560 2609 legatumque
574 2517 664 2582 iuxta
679 2516 840 2606 parietem
851 2516 1035 2605 antiquum,
1057 2515 1167 2604 ipsum
1182 2515 1343 2604 parietem
1360 2540 1461 2604 super

343 2646 416 2686 eum
435 2619 513 2686 elidi
525 2619 633 2684 iussit.
650 2617 718 2708 lpsi
735 2643 813 2684 vero
828 2618 907 2683 dum
918 2617 1057 2683 nimium
1070 2631 1160 2683 esset
1174 2617 1208 2682 in
1223 2642 1333 2683 amore
1344 2617 1458 2683 mulie·
1472 2645 1501 2682 2⁰

342 2746 415 2787 rum
430 2721 617 2786 luxoriosus
638 2733 671 2786 et
693 2722 734 2784 ab
753 2719 920 2785 Arvernos
939 2733 1109 2785 vereretur
1120 2719 1284 2800 interfeci,
1299 2722 1459 2804 Ro[m]am

343 2821 485 2913 aufugit,
507 2821 621 2912 ibique
644 2821 784 2888 similem
806 2835 973 2911 temptans
995 2847 1149 2888 exercere
1175 2822 1352 2903 luxoriam,
1375 2823 1459 2912 lapi-

343 2924 441 2992 dibus
471 2937 522 2990 est
545 2927 695 2991 obrutus.
726 2929 807 2992 Post
829 2927 922 2990 cuius
945 2950 1117 2991 excessum
1142 2927 1293 3016 regnavit
1319 2925 1459 2992 Euricus

343 3051 430 3092 anno
450 3039 625 3115 quattuor;
654 3027 739 3093 obiit
760 3040 869 3093 autem
888 3052 974 3092 anno
998 3027 1175 3093 vicinsimo
1200 3028 1342 3117 septimo
1365 3027 1460 3120 regni

344 3131 405 3195 sui.
421 3129 498 3195 Fuit
514 3131 613 3194 etiam
627 3142 660 3194 et
669 3141 749 3196 tunc
764 3142 872 3195 terrae
889 3142 998 3196 motus
1018 3155 1168 3221 magnus.
1474 3157 1502 3195 25

374 3297 411 3343 21.
424 3294 548 3344 Defuncto
561 3303 648 3345 autem
660 3298 730 3362 apud
740 3299 871 3347 Arvernus
882 3299 1002 3347 Namatio
1015 3299 1151 3362 episcopo,
1165 3297 1310 3362 Eparchius
1324 3297 1457 3356 successit,

343 3358 384 3406 vir
396 3358 577 3406 sanctissimus
590 3366 667 3423 atque
681 3361 829 3424 religiosus.
842 3361 874 3408 Et
883 3361 944 3424 quia
953 3367 1106 3434 eotempore
1119 3361 1229 3408 ccclesia
1239 3377 1349 3424 parvam
1359 3376 1461 3424 posses·

226 3423 280 3473 Col.
294 3423 332 3472 72.
344 3421 444 3469 sionem
454 3421 523 3468 inira
536 3439 623 3471 muros
635 3423 708 3470 urhis
718 3423 846 3480 habebat,
859 3424 911 3487 ipsi
926 3425 1054 3472 sacerdoti
1066 3424 1176 3487 inipso,
1189 3428 1199 3486 ΙΙ
1211 3424 1279 3487 quod
1297 3423 1374 3470 modo
1388 3423 1460 3470 salu-

343 3483 468 3531 tatorium
483 3484 587 3544 dicitur,
603 3486 704 3533 mansio
723 3493 793 3542 erat,
811 3493 888 3549 atque
900 3487 933 3534 ad
947 3487 1046 3550 gratias
1064 3487 1115 3534 Deo
1133 3493 1251 3549 tempore
1265 3494 1391 3534 nocturno
1404 3485 1460 3533 red·

343 3546 441 3592 dendus
454 3545 487 3593 ad
497 3547 620 3594 altarium
632 3548 755 3596 ecclesiae
761 3550 944 3610 consurgebat.
954 3551 1061 3596 Factum
1071 3554 1110 3595 est
1120 3555 1215 3606 autem,
1226 3554 1336 3596 utnocte
1347 3548 1460 3612 quadam
1474 3565 1500 3604 30

342 3607 506 3670 ingrediens,
526 3610 631 3672 plenam
649 3611 786 3659 ecclesiam
798 3626 813 3657 a
830 3611 983 3659 demonibus
1001 3611 1145 3719 repperiret
1161 3612 1170 3658 i
1192 3627 1300 3674 sumque
1314 3610 1461 3674 principem

342 3670 369 3716 in
381 3671 488 3717 modum
499 3678 605 3720 ornatae
616 3672 733 3720 mulieris
745 3674 773 3721 in
784 3673 871 3721 throni
884 3673 956 3721 illius
967 3674 1042 3721 catbe
1062 3689 1091 3720 ra
1104 3689 1160 3720 rese
1180 3680 1271 3720 entem.
1288 3673 1334 3721 Cui
1348 3674 1384 3722 ait
1393 3689 1461 3736 pon-

342 3732 421 3780 tilex:
437 3734 476 3782 aO
489 3735 611 3782 meretrix
623 3737 774 3795 execranda,
784 3752 835 3783 non
843 3737 939 3784 sufficit
948 3736 997 3785 tibi
1006 3737 1063 3784 loca
1075 3741 1168 3784 cuncta
1177 3735 1258 3784 variis
1270 3736 1460 3799 pollutionibus

342 3794 461 3852 inlecire,
480 3796 565 3844 adhuc
584 3805 609 3845 et
627 3798 778 3846 cathedram
790 3815 806 3846 a
817 3799 926 3846 Domino
944 3804 1122 3846 consecratam
1142 3798 1238 3846 foetida
1255 3799 1379 3846 sessionis
1398 3804 1459 3846 tuae

343 3857 490 3905 accessione
503 3859 673 3922 coinquinas?
684 3861 799 3908 Abscede
812 3878 828 3909 a
839 3862 916 3909 domo
925 3861 984 3917 Dei,
998 3876 1029 3907 nc
1040 3877 1056 3907 a
1065 3867 1089 3908 te
1102 3861 1215 3924 amplius
1227 3861 1368 3923 polluatur.
1383 3877 1395 3907 a
1412 3860 1459 3908 Cui
1472 3877 1499 3917 35

342 3919 395 3966 ait:
411 3937 423 3967 a
436 3920 468 3968 Et
477 3920 538 3985 quia
551 3922 615 3969 mihi
625 3924 769 3970 meretricis
782 3939 875 3971 nornen
884 3924 1010 3986 imponis,
1023 3923 1119 3970 multas
1133 3923 1179 3970 tibi
1192 3923 1293 3986 parabo
1303 3923 1413 3971 insidias
1425 3923 1459 3970 ob

342 3980 472 4030 dcsideria
490 3983 638 4033 mulierum.
658 4001 670 4031 r>
687 3985 720 4033 Et
740 3986 803 4033 hacc
823 3987 924 4043 dicens,
946 3986 1012 4034 sicut
1033 3987 1119 4032 fumus
1141 3985 1253 4033 evanuit.
1277 3987 1459 4035 Verumtamen

343 4045 463 4093 sacerdos
474 4051 616 4109 temptatus
629 4053 668 4095 est
675 4063 722 4111 per
730 4050 928 4096 commotionem
937 4048 1055 4111 corporis
1068 4064 1083 4095 a
1093 4047 1315 4110 concupiscentia;
1326 4049 1371 4096 sed
1384 4049 1459 4111 siguo

342 4107 426 4154 crucis
440 4115 544 4155 sanctae
558 4109 686 4166 munitus,
700 4110 766 4157 nihil
777 4112 800 4158 ci
814 4111 935 4158 inimicus
950 4126 1042 4158 nocere
1055 4111 1149 4174 potuit.
1160 4111 1256 4158 Ferunt
1266 4113 1358 4167 etiam,
1371 4111 1460 4174 ipsum

342 4169 369 4216 in
381 4185 440 4217 arce
454 4171 639 4220 Cantobennici
651 4173 745 4220 montis
759 4173 948 4221 monasterium
957 4173 1113 4230 collocasse,
1125 4171 1168 4221 ubi
1181 4189 1249 4220 nunc
1259 4174 1458 4232 oratoriumest,
1473 4191 1500 4230 40

338 4238 368 4279 et
379 4232 416 4280 ibi
430 4249 457 4281 se
469 4233 561 4281 diebus
587 4235 785 4298 uadragesimae
794 4243 898 4284 sanctae
908 4236 1054 4294 recludere;
1063 4236 1104 4283 die
1113 4243 1200 4284 autem
1211 4253 1305 4284 coenae
1315 4235 1459 4285 dominicae

343 4310 402 4341 cum
414 4311 509 4360 magno
522 4251 675 4360 psallentio,
690 4297 874 4347 comitantibus
892 4298 992 4346 clericis
1006 4298 1172 4362 civibusque,
1186 4299 1218 4348 ad
1236 4301 1373 4348 ecclesium
1385 4315 1460 4348 suam
