3256 5144
334 495 337 502 '
371 511 416 558 na
600 512 605 522 “
658 507 817 558 sanemur
834 508 1043 559 ruaonrusrs
1062 507 1212 556 srrseoar

371 625 536 703 nutritus,
554 635 590 688 ut
614 646 730 712 regum
754 625 904 712 ipsorum
924 648 995 689 mos
1015 636 1086 702 est,
1115 621 1256 688 orimum
1278 619 1420 710 flagellis
1438 642 1501 709 per

371 738 498 815 tergam
516 723 684 802 demissis,
705 723 826 789 litteris
848 725 1011 803 eruditus,
1025 723 1244 790 Childeberto
1259 746 1339 811 rege
1356 747 1374 786 a
1393 734 1500 786 matre

371 837 653 916 repraesentatur,
667 826 800 891 dicente
820 851 857 891 ea
876 853 882 890 :
900 854 917 890 «
939 829 1045 905 Eece,
1063 825 1198 914 inquid,
1215 837 1375 914 neputem
1387 837 1497 901 tuum,

371 927 546 993 Chlothari
562 927 651 1018 regis
665 927 785 1006 filium3
798 940 831 992 et
848 928 924 1017 quia
938 927 1065 992 invisus
1084 929 1228 992 habetur
1243 925 1343 1014 patri,
1357 949 1499 1014 suseepe

372 1054 463 1108 eum,
482 1028 560 1120 quia
577 1054 654 1094 earo
675 1042 812 1095 tuaest.
842 1057 857 1092 a
885 1033 991 1116 Quem
1009 1029 1083 1108 ille,
1112 1053 1152 1094 eo
1177 1028 1268 1116 quod
1289 1028 1320 1092 ei
1346 1026 1406 1091 filii
1430 1051 1529 1092 none

373 1144 501 1210 essent,
528 1130 716 1218 accipiens,
747 1131 914 1196 retinebat
939 1156 1063 1197 seeum.
1092 1129 1299 1196 Nuntiantur
1318 1131 1401 1194 haee
1429 1128 1501 1214 regi

373 1233 582 1313 Chlothario,
599 1233 756 1322 misitque
774 1233 866 1298 fratri
887 1233 1034 1313 nuntios,
1054 1231 1171 1298 dicens
1189 1258 1195 1294 ε
1219 1231 1402 1296 «Demitte
1418 1255 1502 1320 pue-

374 1359 466 1414 rum,
496 1349 534 1400 ut
552 1334 664 1400 veniat
684 1335 725 1400 ad
751 1360 812 1400 me.
846 1361 862 1397 »
884 1337 954 1402 Nec
978 1346 1125 1399 moratus
1149 1333 1206 1398 ille
1231 1333 1384 1398 iuvenem
1407 1333 1501 1398 fratri

373 1437 510 1502 direxit·
532 1439 606 1520 Quo
631 1436 720 1515 visu,
752 1436 969 1502 Chlotharius
992 1435 1091 1500 iussit
1108 1435 1206 1500 tundi
1227 1459 1356 1500 comam
1381 1433 1502 1522 eapitis

376 1537 465 1616 eius,
495 1537 612 1603 dicens
643 1564 649 1602 :
677 1565 694 1599 a
724 1542 819 1602 Hune
851 1562 913 1627 ego
940 1562 1008 1602 non
1040 1537 1210 1626 generavi.
1247 1564 1263 1598 a
1293 1535 1399 1626 Igitur
1422 1549 1543 1624 postm
1614 1559 1615 1572 ,

377 1639 550 1704 Chlothari
575 1639 664 1728 regis
692 1640 820 1705 obitum
846 1663 862 1704 a
892 1640 1093 1706 Chariberto
1129 1639 1199 1729 regi
1226 1650 1402 1727 susceptus
1436 1651 1498 1702 est.
1614 1649 1615 1658 ’

377 1746 483 1825 Quem
503 1741 701 1830 sygibertus
721 1741 917 1807 arcessitum
933 1741 1054 1807 iterum
1069 1741 1251 1828 amputavit
1268 1761 1396 1804 comam
1414 1739 1502 1827 eapi-

222 1860 275 1906 Fol.
290 1858 317 1903 87
329 1867 364 1904 r.
378 1843 419 1908 tis
436 1842 506 1907 eius
523 1854 556 1907 et
572 1843 664 1907 misit
676 1868 751 1909 eum
771 1843 805 1908 in
819 1840 1091 1934 Agrillpinenscm
1109 1842 1292 1921 civitatem,
1312 1866 1397 1929 quae
1413 1865 1503 1906 nunc

378 1945 518 2010 Colonia
539 1944 673 2010 dieitur.
695 1945 754 2011 Ille
779 1969 913 2034 quoque
934 1947 975 2010 ab
996 1969 1035 2009 eo
1056 1946 1131 2010 loeo
1154 1945 1321 2032 dilapsus,
1347 1933 1503 2008 demissis

245 2055 299 2102 Cor.
312 2053 365 2099 ‘298-
378 2048 498 2110 iterum
518 2045 664 2132 capillis,
683 2045 724 2110 ad
741 2045 908 2112 Narsitem
931 2045 1029 2125 abiit,
1055 2047 1113 2135 qui
1129 2044 1143 2136 ll
1159 2058 1240 2110 tune
1268 2043 1381 2109 ltaliae
1406 2068 1546 2133 prae-15

378 2159 465 2226 erat,
483 2144 598 2234 ibique
615 2170 717 2212 uxore
737 2159 886 2236 accepta,
910 2145 996 2212 [ilios
1014 2146 1202 2236 procreavit
1223 2147 1314 2211 etad
1336 2149 1503 2212 Constan-

378 2247 554 2336 tinopolim
579 2249 732 2314 accessit.
761 2249 863 2328 lude,
885 2261 921 2314 ut
943 2249 1071 2328 ferunt,
1094 2263 1171 2339 post
1193 2250 1295 2314 multa
1315 2261 1469 2336 tempora
1488 2274 1504 2310 a

379 2351 523 2440 quodam
539 2349 716 2428 invitatus,
732 2364 769 2415 ut
787 2350 916 2416 veniret
936 2350 970 2414 in
991 2350 1136 2431 Galleis,
1157 2350 1304 2417 Massilia
1324 2349 1503 2437 adpulsus,

379 2479 396 2518 a
423 2454 601 2519 Theodoro
631 2453 791 2542 episcopo
817 2466 992 2542 susceptus
1020 2465 1080 2517 cst.
1117 2467 1268 2518 abeodem
1292 2467 1372 2515 etiam
1390 2467 1506 2532 acceptis

379 2555 536 2619 aequitibus,
551 2555 932 2603 Mummolodueeeoninnetus
946 2561 994 2602 est.
1522 2579 1549 2615 20
1614 2581 1615 2586 =

425 2659 504 2724 Erat
521 2671 630 2722 autem
654 2670 735 2722 tune
761 2658 962 2723 Mummolus
983 2656 1017 2720 in
1044 2655 1177 2720 civitate
1204 2654 1393 2733 Avennica,
1420 2654 1507 2720 sieut

380 2783 479 2848 supra
517 2759 671 2824 diximus.
715 2761 987 2824 Guntehramnus
1025 2781 1104 2822 vero
1139 2757 1207 2821 dux
1238 2757 1507 2844 adpraehensum

379 2861 593 2928 Theodorum
610 2860 805 2949 episcopum
825 2861 859 2924 in
879 2859 1031 2924 custodia
1055 2883 1116 2948 pro
1141 2860 1204 2923 hae
1223 2881 1321 2922 eausa
1349 2858 1504 2936 retrusit,
1547 2897 1550 2902 ,

380 2975 539 3053 reputans
563 2987 656 3044 eum,
681 2986 766 3050 quur
794 2961 964 3027 hominem
988 2974 1180 3026 extraneum
1207 2958 1449 3024 intromisisset
1470 2959 1506 3026 in

381 3064 518 3142 Galleis,
538 3063 699 3128 voluisset
718 3066 921 3128 Francorum
938 3088 1078 3153 regnum
1095 3060 1325 3151 imperialibus
1342 3086 1403 3150 per
1420 3064 1504 3128 haec
1518 3090 1546 3126 2⁵

381 3168 524 3232 subdere
544 3165 741 3231 ditionibus.
760 3165 803 3232 At
816 3166 890 3243 ille,
908 3178 947 3231 ut
961 3167 1071 3243 aiunt,
1092 3165 1270 3254 epistolam
1289 3189 1349 3252 per
1370 3188 1505 3230 manum

380 3269 541 3334 maiorum
562 3267 794 3334 Childeberthi
816 3267 903 3357 regis
925 3268 1149 3332 subscribtam
1175 3267 1332 3355 protulit,
1359 3265 1476 3331 dicens
1498 3295 1504 3330 :

383 3371 509 3438 «Nihil
539 3395 599 3458 per
627 3395 677 3435 me
701 3369 784 3447 leci,
815 3369 879 3434 nisi
902 3394 986 3458 quae
1015 3369 1096 3435 mihi
1120 3394 1138 3432 a
1162 3369 1294 3433 domnis
1329 3368 1507 3434 nostriset

381 3471 570 3538 senioribus
592 3473 754 3559 imperata
774 3484 861 3536 sunt.
893 3497 908 3533 a
937 3469 1198 3535 Custodiebatur
1218 3468 1324 3560 igitur
1351 3469 1508 3534 sacerdos
1614 3477 1615 3538 ?

380 3573 415 3638 in
449 3572 585 3651 cellula,
622 3597 684 3638 nee
709 3574 968 3663 permittebatur
1007 3573 1149 3638 eclesiae
1185 3571 1544 3661 adpropinquare¹.an
1614 3569 1615 3642 Ϊ

382 3675 531 3758 Quadam
552 3699 630 3739 vero
661 3687 777 3754 noete,
804 3677 882 3742 dum
908 3674 1076 3741 adtentius
1107 3686 1218 3738 oraret
1250 3675 1291 3738 ad
1313 3673 1507 3750 Dominum,

382 3777 510 3842 refulsit
549 3776 667 3842 cellola
691 3777 794 3842 nimio
821 3778 1021 3867 splendore,
1049 3777 1094 3842 ita
1133 3790 1169 3840 ut
1194 3801 1324 3856 eomes,
1350 3775 1406 3866 qui
1439 3791 1510 3842 erat
1614 3821 1615 3840 t

382 3891 495 3944 custus
528 3877 616 3956 eius,
643 3903 764 3967 pavore
793 3893 995 3960 terreretur;
1033 3881 1190 3968 visusque
1218 3891 1269 3943 est
1301 3903 1402 3966 super
1434 3904 1509 3944 eum
1614 3929 1615 3934 κ

382 3979 466 4046 lueis
483 3979 656 4046 inmensus
675 3980 796 4070 globus
817 4005 879 4069 per
894 3983 1034 4047 duarum
1048 3982 1210 4044 horarum
1231 3981 1385 4068 spatium.
1411 3981 1510 4046 Mane

383 4096 492 4149 autem
511 4083 617 4162 facto,
639 4084 795 4148 narrabat
812 4085 895 4148 haec
916 4107 1027 4150 eomes
1048 4082 1105 4148 ille
1133 4080 1273 4160 ceteris,
1297 4080 1353 4169 qui
1375 4105 1450 4145 eum
1469 4107 1509 4146 eo
1523 4109 1551 4146 aa

382 4199 487 4254 erant.
519 4187 600 4252 Post
626 4187 708 4251 haec
733 4196 841 4250 autem
870 4186 991 4250 duetus
1019 4185 1059 4250 ad
1083 4187 1373 4251 Guntehramnum
1394 4207 1508 4274 regem

386 4326 1504 4354 ....-...........-..-..--....-...------ι.

413 4407 433 4453 1.
456 4409 525 4455 corr.
541 4405 727 4470 propinquare.
