3238 5140
458 456 623 504 ursrornu
641 457 840 506 rnaucoauu
857 427 954 508 arana
971 458 990 504 1.
1249 452 1278 496 23
1348 497 1352 506 .

164 570 353 652 Christum,
384 571 446 638 Dei
475 571 598 653 filium,
627 597 687 661 per
717 573 820 638 multa
853 573 1009 638 miracula
1035 594 1149 635 verum
1172 571 1278 633 Deum

163 670 199 735 in
217 673 352 763 populis
372 675 564 754 declarans,
585 674 760 765 gentilium
780 675 1047 741 incredulitatem
1067 671 1195 742 avertit.
1218 669 1278 734 Hic

163 777 253 840 enim
272 777 348 840 fana
366 777 522 842 distruxit
537 778 559 855 ¹,
577 778 720 842 heresim
741 777 921 866 obpressit,
944 776 1082 842 eclesias
1094 771 1280 846 aedificavit

163 891 213 957 et,
237 903 311 943 cum
332 878 405 944 aliis
424 880 537 944 multis
560 879 739 945 virtutibus
759 879 955 970 refulgeret,
981 880 1021 944 ad
1045 899 1278 942 consumman-

133 981 242 1046 sdum
275 981 383 1046 laudis
410 1006 487 1046 suae
523 981 683 1046 titolum2
714 994 783 1046 tres
814 996 962 1047 mortuos
995 982 1080 1045 vitae
1118 976 1275 1042 restituit.

163 1087 290 1167 Quarto
316 1083 541 1152 Valentiniani
568 1098 600 1149 et
629 1083 778 1150 Valentis
811 1109 897 1149 anno
933 1097 1066 1148 sanctus
1103 1079 1279 1146 Helarius3

163 1187 251 1274 apud
269 1190 430 1253 Pectavus
443 1186 466 1266 4,
488 1188 607 1276 plenus
629 1186 804 1251 sanctitate
822 1200 855 1253 et
872 1187 954 1267 fide,
973 1185 1084 1251 multis
1099 1183 1277 1249 virtutibus

162 1287 310 1368 aeditus,
339 1288 492 1380 migravit
516 1290 556 1354 ad
582 1289 710 1367 caelos3
738 1312 812 1353 nam
843 1302 875 1353 et
898 1288 963 1378 ipsi
986 1287 1109 1379 legitur
1130 1298 1278 1350 mortuos

162 1403 353 1457 suscitasse.

116 1623 145 1664 ao
205 1601 311 1664 XXXI
330 1597 407 1686 (40).
430 1598 573 1663 Melania
590 1623 667 1663 vero
686 1613 835 1665 matrona
857 1597 979 1664 nobilis
1000 1612 1034 1663 et
1057 1597 1166 1662 incola
1186 1597 1278 1663 urhis
1289 1609 1386 1658 Fut-lt
1396 1619 1432 1660 νο.

164 1703 332 1766 Romanae
362 1699 592 1765 Hierusolimis
619 1703 662 1766 oh
687 1701 899 1769 devotionem
926 1700 1023 1781 abiit,
1050 1701 1185 1766 Urbano
1210 1698 1279 1764 filio
1317 1767 1318 1770 Ἴ

163 1805 288 1869 Romae
304 1801 433 1868 relicto.
456 1807 547 1887 Quae
567 1803 612 1867 ita
632 1829 667 1870 se
683 1804 717 1868 in
738 1818 857 1870 cuncta
878 1806 1026 1870 bonitate
1046 1827 1082 1868 ac
1104 1802 1278 1867 sanctitate

161 1905 318 1972 omnibus
333 1905 504 1995 praebuit,
526 1919 563 1970 ut
578 1907 701 1972 Thecla
719 1920 893 1974 vocaretur
906 1908 946 1972 ab
964 1906 1095 1972 incolis.

206 2091 328 2154 XXXll
348 2087 424 2177 (41).
446 2089 525 2153 Post
537 2102 676 2154 mortem
695 2103 804 2154 autem
818 2087 1043 2158 Valentiniani
1058 2088 1180 2155 Valens
1195 2086 1277 2151 inte-

117 2219 143 2258 1⁵
158 2191 212 2283 gri
240 2214 414 2256 successor
439 2189 590 2280 imperii,
613 2194 794 2257 monachos
813 2193 853 2256 ad
881 2191 1039 2256 miliciam
1068 2189 1143 2281 cogi
1166 2189 1275 2269 iubet,

161 2295 317 2360 nolentes
340 2290 483 2357 fustibus
510 2293 673 2384 praecipit
703 2294 882 2359 verberari.
919 2298 1004 2359 Post
1035 2295 1117 2358 haec
1152 2291 1277 2357 bellum

162 2395 370 2462 sevissimum
403 2393 438 2462 in
466 2397 626 2460 Tharacia
659 2397 799 2463 Romani
825 2395 997 2488 gessellre,
1035 2395 1068 2460 in
1094 2420 1160 2484 quo
1186 2405 1393 2458 tentatores.

161 2512 290 2589 strages
309 2498 382 2576 fuit,
402 2510 438 2560 ut
453 2497 608 2578 Romani,
629 2500 749 2563 amisso
761 2523 921 2588 equorum
935 2497 1119 2587 praesidio,
1134 2496 1276 2586 pedihus

160 2601 320 2692 fugirent.
344 2602 494 2688 Cumque
514 2625 531 2664 a
552 2600 647 2667 Gotis
667 2601 885 2666 internitione
905 2600 1044 2665 maxima
1063 2601 1275 2678 cederentur,
1313 2662 1317 2672 ,

114 2732 144 2770 ao
161 2717 195 2769 et
211 2705 333 2772 Valens
346 2704 465 2791 sagitta
480 2704 603 2795 fugiret
620 2704 801 2785 sauciatus,
818 2729 953 2795 parvum
971 2703 1141 2794 tugurium
1152 2701 1279 2790 ingres·

160 2834 231 2886 sus,
253 2806 500 2872 'inminentibus
523 2807 693 2889 hostibus,
727 2834 828 2898 super
860 2833 895 2872 so
919 2807 1089 2872 incensam
1114 2805 1275 2884 casulam,

159 2923 307 3000 optatam
333 2909 439 2977 caruit
461 2911 675 3000 sepulturam.
701 2911 823 2999 Sicque
848 2911 930 2974 ultio
950 2909 1061 2974 divina
1081 2909 1125 2973 ob
1144 2919 1276 2972 sancto·

160 3039 231 3080 rum
253 3014 415 3080 effusione
437 3013 599 3104 sanguine
618 3015 753 3080 tandem
766 3011 887 3078 emissa
904 3011 1078 3102 processit.
1099 3014 1277 3099 Hucusque

161 3116 391 3198 Hieronimus;
411 3118 453 3182 ab
474 3119 538 3184 hoc
558 3141 635 3182 vero
657 3129 807 3206 tempore
831 3115 991 3181 Horosius
1015 3112 1183 3204 presbiter
1201 3113 1277 3201 plus

47 3229 50 3238 '
115 3246 144 3286 25
160 3219 306 3312 scripsit.

203 3433 339 3496 XXXlll
356 3430 433 3518 (42).
458 3428 563 3522 Igitur
587 3453 662 3493 cum
688 3429 867 3495 Gratianus
888 3429 1069 3518 imperator
1092 3426 1277 3518 distitutam

160 3544 314 3598 cerneret
334 3556 407 3597 esse
431 3557 500 3597 rem
522 3531 711 3620 publicam,
742 3531 932 3597 Theodosio
958 3530 1120 3620 collegam
1146 3528 1277 3620 imperii

160 3634 249 3699 lacit.
280 3633 341 3700 Hie
364 3633 573 3700 Theodosius
600 3659 733 3699 omnem
766 3659 858 3723 spem
883 3658 975 3698 suam
997 3645 1095 3722 atque
1122 3633 1277 3697 fiduciam

161 3737 195 3801 in
213 3735 275 3802 Dei
290 3735 551 3802 misericordiam
570 3737 682 3825 ponit;
701 3735 757 3824 qui
777 3715 895 3800 mullas
910 3748 1029 3826 gentes
1041 3760 1108 3800 non
1124 3749 1191 3800 tam
1208 3734 1277 3824 gla-

120 3839 216 3904 mdio
248 3863 346 3929 quarn
371 3839 493 3930 vigiliis
524 3853 556 3904 et
583 3838 733 3904 oratione
761 3837 977 3928 conpescuit,
1007 3862 1075 3902 rem
1109 3836 1278 3926 publicam

160 3941 384 4022 confirmavit,
408 3941 734 4032 Constantinopolim
764 3942 881 4006 urbem
900 3940 1006 4006 victor
1020 3937 1194 4030 ¹ingressus
1214 3952 1274 4004 est.

162 4248 216 4358 Pli
231 4249 302 4295 Corr.
324 4247 461 4296 destruxit.
480 4274 511 4285 -
529 4247 550 4294 2.
570 4249 639 4294 Corr.
660 4245 773 4294 titulum.
793 4273 821 4282 -
840 4247 861 4291 3.
882 4247 952 4292 Corr.
975 4243 1099 4292 HilarIus.
1119 4269 1148 4280 —-
1163 4245 1186 4292 l.
1206 4245 1276 4294 Corr.

182 4325 204 4358 rc
217 4325 289 4360 avos.
