3220 5158
347 445 377 490 76
632 438 789 490 GREGORH
806 439 1014 489 TURONENSIS
1032 437 1183 488 EPISCOPI

347 570 397 624 est
423 583 507 624 unus
536 581 682 622 summus
708 569 806 646 atque
833 556 1046 646 omnipotens
1078 559 1168 622 Deus
1202 556 1235 620 in
1262 554 1464 645 sempiterna

271 683 278 696 ’
348 660 479 726 saecula
495 683 651 748 regnans.

212 837 334 884 Col-105·
390 830 415 894 Ι.
448 827 614 893 Defuncto
653 825 756 916 igitur
792 826 1029 891 Chlodovecho
1063 825 1153 916 regi,
1191 837 1348 914 quattuor
1369 823 1383 915 Η
1406 823 1466 890 filii

228 900 281 948 Fol.
296 899 334 951 32.
346 929 434 1011 eiua,
454 928 488 994 id
504 942 555 994 est
571 927 814 1010 Theodericus,
835 927 1087 1006 ChlodomeriS,
1108 926 1345 994 Childebertus
1366 939 1465 1016 atque

346 1029 593 1128 Chlotcharius,
604 1054 743 1120 regnum
755 1029 825 1096 eius
840 1029 1010 1120 accipiunt
1021 1042 1054 1094 et
1065 1030 1155 1095 inter
1165 1053 1200 1094 se
1213 1052 1317 1119 aequa
1331 1028 1463 1112 la[n]ce¹
1481 1067 1497 1106 5

346 1133 510 1206 dividunt.
549 1133 702 1198 Habebat
728 1131 793 1196 iam
824 1144 904 1198 tunc
932 1131 1161 1198 Theodericus
1193 1130 1297 1197 filium
1331 1130 1466 1196 nomine
1601 1203 1602 1208 η

347 1237 633 1314 Theodebertum,
669 1234 855 1325 elegantem
883 1247 982 1324 atque
1009 1234 1136 1300 utilem.
1171 1236 1321 1323 Cumque
1347 1235 1467 1324 magna

346 1339 467 1408 virtute
482 1338 665 1426 pollerent,
687 1350 721 1403 et
735 1337 783 1403 eis
803 1338 845 1402 de
862 1335 1009 1402 exercitu
1030 1338 1131 1402 robor
1149 1336 1306 1427 cupiosus
1326 1334 1464 1414 inesset,

346 1440 569 1520 malaricus,
587 1439 675 1508 filius
693 1438 834 1518 Alarici,
853 1463 911 1504 rex
931 1438 1110 1528 Hispaniae
1129 1463 1277 1504 sororem
1298 1463 1411 1505 eorum
1431 1439 1466 1502 in

346 1543 558 1610 matrimunio
573 1542 737 1631 postulat,
755 1543 846 1632 quod
867 1540 916 1608 illi
937 1542 1120 1608 clementer
1141 1541 1320 1633 indulgent
1344 1554 1378 1607 et
1395 1565 1467 1606 cam
1486 1567 1514 1607 io

346 1645 411 1736 ipsi
436 1645 470 1712 in
495 1645 633 1736 regione
663 1644 844 1736 Hispaniae
871 1668 945 1710 cum
974 1668 1170 1735 magnorum
1196 1657 1467 1710 ornamentorum

347 1748 434 1815 mole
445 1747 689 1815 transmittunt.

392 1919 430 1982 ΙΙ.
451 1916 574 1982 Liceno
590 1928 699 1981 autem
715 1917 807 1981 urbis
826 1915 990 1982 Toronioe
1003 1917 1162 1982 defuncto
1181 1916 1353 2007 episcopo,
1370 1916 1467 1984 Dini-

347 2021 408 2090 frus
427 2020 619 2085 cathedram
637 2019 880 2108 pontefecalem
901 2019 1064 2086 ascendit.
1081 2019 1179 2111 Apud
1201 2019 1369 2086 Arvernus
1388 2044 1467 2086 vero

346 2138 423 2215 post
440 2123 568 2190 obitum
586 2123 674 2190 beati
695 2122 879 2189 Abruncoli
898 2137 1032 2189 sanctus
1049 2124 1219 2190 Eufrasius
1243 2124 1465 2190 duodecimus
1484 2150 1512 2188 15

347 2226 525 2318 episcopus
541 2227 738 2292 habebatur.
760 2227 822 2294 Hic
839 2239 997 2316 quattuor
1017 2251 1122 2292 annos
1144 2238 1222 2317 post
1237 2226 1466 2292 Chlodovcohi

347 2329 475 2396 obitum
490 2327 591 2409 vixit,
609 2327 791 2394 vicensimo
812 2327 929 2418 quinto
948 2328 1160 2418 episcopatus
1183 2328 1232 2394 sui
1253 2353 1340 2394 anno
1357 2341 1467 2394 trans·

346 2430 430 2498 iens.
454 2431 603 2519 Cumque
620 2427 764 2520 populus
787 2444 938 2497 sanctum
960 2430 1190 2516 Quintianum,
1211 2431 1268 2521 qui
1282 2432 1323 2496 de
1343 2430 1467 2498 Rutino

242 2599 246 2606 ,
347 2532 472 2600 eiectus
493 2533 615 2613 fuerat,
636 2533 804 2624 elegisset,
818 2532 971 2600 Alchima
989 2546 1022 2599 et
1041 2533 1232 2614 Placidana,
1255 2559 1339 2600 uxor
1359 2559 1467 2600 soror-

349 2764 366 2800 «
389 2737 558 2816 Sufficiat‚
579 2737 714 2803 domine
744 2751 875 2818 sancte,
897 2752 1069 2804 senectute
1091 2753 1184 2820 tuae,
1212 2741 1302 2829 quod
1335 2764 1370 2805 es
1396 2739 1468 2829 epi·

348 2864 470 2930 scopus
486 2839 670 2905 ordinatus.
689 2841 876 2922 Permittat,
895 2842 1064 2931 inquiunt,
1087 2844 1194 2931 pietas
1218 2855 1274 2908 tua
1296 2867 1390 2907 servo
1409 2855 1468 2909 tuo

347 2937 542 3033 Apollonari
563 2942 673 3008 locum
690 2942 789 3008 huius
811 2945 949 3012 honoris
971 2944 1123 3035 adipisci.
1149 2946 1207 3011 Ille
1230 2968 1308 3010 vero
1330 2946 1466 3010 eumad

345 3047 437 3116 huuc
455 3044 585 3135 apicem
603 3045 810 3126 ascenderit,
831 3045 917 3112 sicut
936 3045 998 3111 tibi
1013 3046 1173 3136 placitum
1191 3048 1292 3112 fuerit
1309 3046 1466 3136 obsequi-

347 3160 417 3228 tur;
435 3161 470 3213 tn
489 3172 621 3237 quoque
644 3146 843 3236 imperabiS,
871 3162 903 3214 et
925 3148 981 3214 ille
999 3162 1074 3214 tuae
1095 3149 1229 3240 parebit
1251 3149 1286 3214 in
1311 3149 1466 3215 omnibus
1481 3177 1509 3216 aa

347 3250 548 3330 iussionem3
579 3263 707 3316 tantum
736 3264 773 3316 ut
800 3251 918 3317 humili
950 3252 1158 3342 suggestioni
1192 3265 1325 3317 nostrae
1355 3275 1466 3317 aurem

347 3352 566 3444 benignitatis
586 3353 801 3421 acommodis.
831 3380 847 3415 n
870 3353 935 3438 Qui
962 3353 1048 3420 ille:
1078 3354 1203 3438 «Quid
1230 3378 1310 3445 ego,
1337 3352 1464 3443 inquit,

347 3457 522 3544 prestabo,
543 3454 636 3521 cuius
649 3454 807 3544 potestati
822 3456 905 3521 nihil
924 3469 974 3521 est
991 3455 1184 3522 subditum?
1206 3455 1337 3523 Sufficit
1356 3455 1464 3535 enim,

348 3570 384 3624 ut
401 3556 551 3623 oratione
568 3581 688 3623 vacans
713 3557 919 3624 cotidianum
935 3559 1016 3624 mihi
1035 3557 1160 3624 victum
1187 3571 1336 3648 praestet
1358 3559 1466 3624 eccle-

215 3686 269 3735 col.
282 3687 335 3736 106.
349 3661 408 3726 sia.
430 3686 446 3722 n
465 3661 544 3726 Illae
563 3673 673 3726 autem
695 3661 777 3726 haec
800 3661 987 3742 audientes,
1016 3660 1266 3755 hpollllonarem
1284 3662 1325 3726 ad
1354 3687 1467 3752 regem
1482 3690 1509 3728 ao

348 3762 515 3852 diregunt.
541 3761 606 3847 Qui
624 3761 759 3843 abieno,
780 3763 901 3829 oblatis
922 3764 1034 3830 multis
1051 3763 1262 3844 muneribuS‚
1287 3763 1322 3828 in
1341 3764 1467 3853 episco-

348 3879 428 3956 patu
448 3865 626 3946 successit;
644 3866 734 3954 quod
753 3880 911 3956 quattuor
931 3869 1072 3934 abutens
1096 3866 1285 3946 mensibus,
1314 3867 1469 3958 migravit

349 3970 527 4034 asaeculo.
554 3970 636 4034 Cum
659 3982 768 4034 autem
787 3971 851 4035 hoc
875 3970 1084 4036 Theudorico
1115 3970 1307 4036 nunciatum
1331 3970 1465 4051 fuisset,

349 4065 463 4151 iussit,
479 4069 526 4136 ibi
546 4083 697 4136 sanctum
710 4070 928 4155 Quintianum
940 4073 1099 4139 constitui
1117 4085 1152 4139 et
1164 4098 1295 4139 omnem
1312 4071 1342 4137 ei
1357 4086 1467 4161 potes·

348 4186 449 4240 tatem
467 4172 553 4239 tradi
572 4173 732 4256 eclesiae,
750 4172 866 4240 dicens
883 4201 889 4239 ε
908 4202 925 4238 c
943 4175 1003 4242 Hic
1020 4178 1063 4241 ob
1081 4175 1187 4241 nostri
1209 4174 1330 4241 amoris
1345 4175 1468 4243 zeloab
1482 4203 1509 4242 aa

349 4277 431 4341 urbe
450 4299 508 4340 sua
525 4274 650 4340 eiectus
667 4289 728 4341 est.
753 4301 768 4338 n
787 4278 828 4342 Et
848 4277 959 4342 statim
980 4277 1100 4344 directi
1123 4277 1253 4359 nuncii,
1277 4277 1467 4343 convocatis

381 4430 404 4478 l.
423 4431 494 4480 Corr.
507 4429 590 4479 lance.

1601 2143 1602 2198 l

309 2650 313 2660 “
348 2660 412 2725 que
431 2634 658 2725 Apollonaris‚
677 2636 717 2700 ad
730 2648 881 2702 sanctum
897 2635 1309 2722 QuintianumvenienteS,
1327 2637 1511 2703 dicunttao
