3226 5156
404 463 568 512 ms'roann
587 449 787 513 raauuoauu
803 465 900 514 urana
918 465 959 514 iv.
1193 463 1237 510 uu

118 583 192 632 caedi
225 587 387 645 raeceperat,
402 586 428 630 et
443 597 584 644 numquam
599 597 660 631 eum
675 581 708 629 ad
725 581 931 630 emendationem
943 581 1066 629 reducere
1082 580 1180 644 potuit,
1195 579 1238 628 hic

120 599 264 694 ascendens
277 649 464 708 supertectum
477 643 569 691 domus
582 643 669 700 illius,
681 659 740 691 cum
753 643 873 717 detegere
885 644 1027 718 coepisset,
1042 643 1093 690 ait:
1109 660 1120 689 u
1134 642 1238 692 Gratias

120 708 169 756 tibi
193 715 256 771 a'go,
278 708 338 754 lesu
358 705 472 762 Christe,
489 706 558 769 quod
578 712 639 769 post
656 711 766 754 mortem
785 706 943 770 iniquissimi
960 705 1053 754 Nicetii
1076 706 1238 768 superhaec

120 777 219 819 tectum
231 769 333 816 calcare
346 768 487 841 promerui.
502 785 514 814 u
527 768 616 818 Adhuc
626 769 706 816 verba
718 769 745 816 in
754 785 800 817 ore
812 769 968 833 pendebant,
986 775 1011 815 ct
1024 767 1112 816 statim
1124 767 1238 814 subduc·

88 849 104 886 5
121 839 163 881 tus
176 849 192 880 a
204 831 316 896 pedihus
329 847 385 878 eius
398 830 479 878 rubor
489 831 515 877 in
528 847 579 894 quo
592 831 686 884 stabat,
700 831 794 878 cecidit
803 831 836 880 ad
850 836 947 879 terram
964 830 1115 894 crepuitque
1129 835 1155 877 et
1168 846 1239 878 mor-

121 903 183 946 tuus
193 900 242 943 eat.
253 894 319 942 Cum
330 900 417 941 autem
429 893 568 956 episcopus
577 893 617 940 vel
630 893 723 941 coniux
732 894 787 942 eius
795 894 879 942 multa
889 900 980 942 contra
987 892 1113 941 rationem
1122 896 1238 956 agerent,

123 957 248 1022 apparuit
266 955 370 1004 cuidam
392 961 496 1003 sanctus
516 972 563 1028 per
582 953 724 1020 somnium,
739 956 827 1004 dicens
846 972 851 1003 ι
873 955 965 1003 «Vade
982 961 1007 1002 et
1025 955 1067 1004 dic
1086 954 1189 1011 Prisco,
1211 961 1240 1002 ut

123 1019 275 1068 emendetur
285 1018 318 1066 ab
330 1035 345 1066 o
381 1016 453 1065 cibas
464 1018 551 1072 mohs,
562 1024 587 1067 et
599 1018 663 1066 fiant
677 1021 757 1081 opera
769 1018 824 1066 ei'us
840 1017 917 1065 bona.
931 1018 1043 1066 Mar-tino
1054 1033 1157 1082 quoque
1169 1033 1241 1080 pras·

123 1083 207 1131 bitero
220 1081 285 1129 dicis
298 1097 303 1129 :
316 1098 328 1128 a
340 1034 406 1136 diis
418 1080 549 1128 consentis
561 1080 602 1127 his
614 1080 751 1155 operibus,
765 1081 934 1144 castigandus
946 1080 1013 1138 eris,
1027 1086 1053 1129 et
1066 1079 1088 1127 si
1103 1080 1240 1127 emendare
1329 1115 1330 1120 ,

78 1159 106 1198 ω
123 1143 323 1209 perversitatem
335 1148 406 1191 tuam
417 1141 541 1197 nolueris,
555 1142 704 1190 morieris.»
717 1144 749 1189 ut
760 1142 806 1191 ille
817 1143 954 1206 evigilans,
967 1142 1068 1193 locutus
1080 1149 1121 1190 est
1132 1141 1241 1189 diacono

123 1207 235 1264 cuidam,
250 1205 339 1254 dicens
354 1242 359 1253 .
374 1205 474 1260 «Vade,
487 1221 592 1268 quaeso,
600 1221 629 1253 eo
642 1205 710 1268 quod
722 1204 758 1252 sis
770 1204 870 1253 amicum
882 1205 909 1252 iu
919 1205 996 1252 domo
1006 1204 1168 1269 episcopi,·ct
1177 1204 1241 1252 haec

123 1269 229 1333 loquere
243 1268 297 1316 sive
310 1268 434 1331 episcopo
451 1267 506 1314 sive
522 1267 633 1315 Martino
650 1267 811 1330 presbitero.¹
822 1284 833 1314 a
852 1267 976 1316 Promisit
991 1283 1018 1314 se
1034 1266 1159 1314 diaconus
1172 1267 1241 1314 locu·

123 1338 221 1387 turum,
235 1331 281 1378 sed
296 1336 454 1383 retractans,
475 1329 559 1378 noluit
575 1345 605 1377 ea
619 1329 677 1377 fari.
690 1330 769 1377 Nocte
781 1333 869 1377 autem
886 1345 946 1377 cum
958 1345 985 1376 se
1004 1345 1032 1376 so
1053 1329 1092 1376 ori
1111 1328 1239 1386 dedisset,

122 1394 248 1504 aEpparuit
262 1393 290 1442 ei.
303 1397 421 1448 sauctus,
435 1392 523 1439 dicens
538 1408 543 1440 2
559 1409 570 1439 a
586 1391 638 1440 Cur
649 1407 701 1439 uon
713 1391 801 1440 dixisti
822 1408 887 1458 quae
899 1392 947 1440 tibi
960 1345 1143 1440 abbalocutus
1160 1393 1240 1438 estfu

78 1469 107 1506 15
143 1462 153 1504 f

167 1453 266 1504 clausis
278 1455 375 1519 pugnis
386 1470 430 1502 coe
450 1454 471 1501 it
483 1460 573 1518 guttur
589 1454 645 1503 eius
657 1453 771 1501 caedere.
786 1454 861 1502 ldaue
878 1460 965 1502 autem
979 1455 1059 1510 facto,
1073 1452 1171 1501 inflatis
1183 1454 1241 1501 fau-

123 1518 198 1566 cibus
214 1533 275 1566 cum
292 1533 387 1580 magno
399 1471 497 1574 dolore,
506 1517 617 1564 accessit
628 1517 662 1566 ad
672 1516 743 1564 viros
755 1523 780 1564 et
790 1516 877 1566 omnia
889 1532 955 1580 quae
967 1515 1086 1564 audierat
1100 1514 1240 1564 intimarit.

124 1583 156 1628 At
165 1580 205 1628 illi
212 1579 288 1643 parvi
295 1579 437 1644 pendentes
446 1595 477 1628 ea
488 1594 554 1644 quae
567 1578 711 1634 audierant,
724 1578 863 1627 fantasiam
874 1578 1034 1626 somniorum
1045 1593 1102 1626 esse
1113 1577 1241 1626 dixerunt.

123 1642 252 1691 Martinus
269 1641 335 1690 vero'
348 1641 478 1706 presbiter
500 1641 589 1689 statim
606 1640 719 1689 inruit‘a
736 1640 807 1689 febre
826 1647 852 1689 et
872 1647 1011 1703 aegrotans
1029 1640 1175 1698 convaluit;
1197 1639 1242 1688 sed

124 1719 183 1752 cum
194 1708 205 1764 11
217 1719 320 1768 semper
337 1703 480 1752 adulatorie
492 1703 615 1768 episcopo
632 1704 783 1767 loqueretur
793 1708 819 1751 et
832 1703 989 1752 consentiret
1000 1703 1027 1750 in
1044 1703 1121 1751 malis
1140 1702 1242 1752 actibus
1253 1701 1307 1751 Col.
1323 1701 1375 1748 179.

76 1777 108 1819 20
124 1783 155 1815 ac
166 1766 348 1876 blasplhemiis,
362 1781 428 1830 quae
438 1765 464 1812 iu
482 1771 600 1813 sanctum
611 1765 774 1823 evomebant,
787 1766 882 1814 iterum
895 1765 921 1812 in
935 1765 1005 1813 febre
1018 1764 1147 1820 redactus,
1163 1764 1243 1827 spiri-

123 1835 181 1878 tum
190 1845 237 1878 exa
250 1829 312 1878 avit.

156 1971 195 2018 37.
210 1969 321 2017 Sanctus
332 1985 393 2017 vero
404 1967 528 2016 llriardus
546 1969 594 2016 hoc
604 1968 790 2018 nichilominus
804 1975 921 2033 tempore
938 1961 989 2033 quo
1007 1976 1111 2017 sauctus
1129 1970 1243 2018 Nicetius

124 2031 192 2080 obiit
204 2031 297 2096 plenus
308 2031 423 2089 dierum,
440 2031 577 2081 sanctitate
594 2031 730 2095 egregius,
748 2031 849 2080 actione
867 2031 1001 2085 sublimis,
1019 2032 1074 2080 vita
1086 2032 1196 2091 nobilis;
1212 2033 1244 2080 de

124 2093 200 2141 cuius
213 2092 348 2142 miraculis
359 2093 487 2162 quaedam
499 2093 525 2140 iu
538 2094 614 2146 libro,
629 2110 705 2158 quem
722 2092 754 2140 de
766 2094 820 2141 vita
831 2093 886 2141 cius
904 2094 1074 2158 scripsimus,
1086 2096 1243 2146 memoravi-

79 2163 110 2201 25
125 2171 193 2204 mus.
208 2157 238 2203 lu
252 2155 325 2204 cuius
337 2155 464 2211 transitu,
483 2155 635 2204 adveniente
652 2156 736 2204 Felice
748 2155 885 2219 episcopo,
902 2157 1067 2205 cellulatota
1079 2158 1241 2206 contremuit
1281 2172 1283 2178 ’

125 2218 200 2271 Unde
212 2234 264 2266 nou
275 2218 380 2281 ambigo
396 2217 496 2282 aliquid
512 2218 609 2266 ibidem
628 2219 709 2266 fuisse
721 2217 881 2280 angelicum,
898 2218 967 2282 quod
984 2219 1020 2266 sic
1032 2219 1105 2268 locus
1124 2219 1169 2267 ille
1185 2219 1244 2284 ipso

124 2286 277 2328 transeunte
288 2279 431 2328 tremuerit.
446 2281 528 2336 Quem
539 2281 677 2344 episcopus
685 2279 794 2328 abluens
807 2287 884 2343 atque
894 2281 1151 2344 dignisvostimcutis
1162 2282 1245 2330 invol·

125 2356 203 2397 vens,
218 2343 368 2406 sepulturae
380 2342 522 2390 mandavit.

172 2482 361 2575 XXVA(38).
393 2486 494 2574 Ergo,
526 2495 562 2549 ut
588 2483 629 2547 ad
654 2481 826 2548 historiam
859 2508 1079 2574 recurramus,
1113 2498 1244 2549 mortuo

82 2609 111 2647 aa
126 2597 208 2673 aput
226 2584 419 2674 Hispaniam
440 2583 654 2663 AthanicldO,
677 2585 832 2649 Levieldo
848 2585 966 2650 fratre¹
990 2610 1128 2676 reguum
1150 2610 1244 2651 acce·

127 2686 190 2776 pit.
215 2687 381 2772 Defuncto
403 2686 506 2779 igitur
523 2689 669 2766 Levaue,
689 2687 881 2766 LevielduS,
907 2688 1006 2753 frater
1028 2688 1115 2772 eius,
1138 2701 1244 2754 totum

130 2815 271 2882 reguum
303 2790 488 2882 occupavit.
521 2790 602 2874 Qui,
640 2815 741 2856 uxore
778 2803 923 2872 mortua,
961 2793 1243 2870 Guuthsueutam,

131 2891 369 2958 Bruuechildis
394 2905 551 2971 matrem,
569 2892 715 2982 accepit,
739 2893 823 2958 duos
845 2893 931 2957 filios
951 2894 993 2958 dc
1013 2895 1128 2982 prima
1144 2918 1246 2959 uxore

129 2995 272 3074 habeus,
305 3020 447 3085 quorum
474 3019 559 3060 unus
587 2994 798 3086 Sygihenhi,
826 2996 910 3060 alius
938 2995 1118 3084 Chilperici
1145 2996 1246 3061 filiam

91 3121 119 3158 ss
135 3089 354 3184 dispensavit.
369 3097 428 3164 Ille
444 3122 577 3188 quoque
596 3099 684 3162 inter
697 3122 754 3162 eos
769 3122 909 3188 reguum
924 3098 1107 3188 aequaliter
1119 3098 1244 3177 divisit,

133 3196 339 3264 interficiens
360 3224 476 3264 omues
496 3198 571 3264 illos
592 3199 649 3288 qui
666 3224 762 3290 reges
777 3197 976 3265 interemere
992 3214 1245 3281 consueverant,

134 3325 202 3365 non
219 3300 414 3391 relinquens
434 3301 536 3366 exeis
554 3301 759 3392 mingentem
778 3303 819 3368 ad
837 3305 1009 3398 parictem.

176 3472 279 3536 XXVI
302 3468 378 3558 (39).
402 3469 568 3536 Palladius
595 3482 721 3548 autem,
751 3471 891 3562 Brisstani
915 3471 1083 3558 quondam
1118 3470 1249 3536 comitis
1261 3488 1315 3538 Col.
1330 3489 1373 3535 tat

132 3596 170 3636 ac
185 3571 360 3637 Caesarine
376 3571 476 3650 filiae,
491 3570 683 3636 comitatum
698 3571 733 3637 in
751 3574 833 3636 urbe
846 3571 1055 3652 Gabalitana,
1071 3571 1249 3664 Sygiberto

90 3697 118 3736 aa
133 3671 203 3764 regi
233 3673 455 3761 inpertiente,
478 3671 678 3762 promeruit,
704 3674 762 3738 sed
783 3686 855 3739 orta
873 3672 1016 3738 intentio
1036 3672 1249 3763 interipsum

134 3774 428 3862 Parthemiumque
446 3773 641 3864 episcopum
656 3774 752 3839 valde
770 3775 930 3865 populum
951 3775 1146 3841 conliderat.
1168 3777 1251 3841 Nam

136 3877 334 3966 plerumque
365 3874 518 3940 convitiis
547 3901 583 3942 ac
604 3875 744 3941 diversis
769 3876 960 3966 obprobriis
990 3876 1253 3966 criminibusque

138 3977 303 4043 obruebat
330 3978 541 4066 episcopum,
577 3978 762 4066 pervadens
789 4003 841 4043 res
873 3979 1013 4044 eclesiae
1039 3979 1254 4067 spoliansque

137 4079 291 4148 homiues
303 4079 385 4144 eius.
403 4081 500 4146 Unde
515 4081 637 4145 factum
653 4094 716 4159 est,
733 4093 781 4158 ut,
794 4083 856 4146 hac
871 4081 1057 4146 intentione
1069 4094 1253 4160 crescente,

97 4206 212 4247 escum
239 4181 280 4246 acl
307 4180 530 4271 praesentiam
559 4181 623 4246 iam
658 4181 740 4247 dicti
771 4173 934 4273 principis
963 4196 1200 4272 properassent
1224 4195 1257 4248 et

141 4284 270 4350 diversa
294 4281 357 4347 sibi
377 4284 517 4349 invicem
539 4283 764 4365 oblectarent,
787 4283 918 4349 mollem
944 4284 1154 4373 episcopum,
1176 4285 1279 4349 elle·-

174 4451 192 4497 l.
214 4455 287 4500 (farra
301 4449 434 4498 chicldus
448 4451 535 4497 frater.
1154 4455 1164 4484 ¹⁸
