3256 5144
416 463 581 518 lllSTORIAE
599 467 800 519 Fnsucoautt
818 465 914 520 tmen
934 468 961 519 V.
1212 473 1256 520 108

132 586 220 650 beati
238 585 339 650 Petri.
366 585 734 675 Consabula‘ntibusque
757 587 873 666 nobis,
897 587 1008 652 subito
1026 588 1119 653 venit
1137 586 1255 654 Aetius

131 685 396 774 archydiaconus
418 686 604 752 parisiacae
629 687 789 769 eclesiae,
814 687 1030 778 salutansque
1047 688 1164 770 nobis,
1186 691 1253 755 ait:

133 815 149 850 a
173 787 295 853 Audite
316 811 385 869 me,
409 813 429 853 o
450 787 641 855 sacerdotes
672 790 828 872 Domini,
854 787 910 880 qui
930 790 965 855 in
994 813 1096 857 unum
1124 791 1256 858 collecti

132 889 232 968 estis3-
263 891 328 954 hoc
354 903 506 978 tempore
535 890 723 956 exaltabitis
753 915 876 958 nomen
913 904 1059 958 vestrum
1086 906 1120 958 et
1150 894 1258 960 bonae

104 992 237 1055 elamae
256 991 363 1081 gratia
384 992 610 1082 refulgebitis,
637 1005 693 1058 aut
722 1007 812 1059 certe
841 994 952 1058 nullus
979 1019 1038 1059 vos
1061 995 1180 1060 amodo
1196 1019 1258 1085 pro

133 1093 194 1158 Dei
213 1093 444 1158 sacerdotibus
461 1093 709 1184 esthabiturus‚
723 1096 750 1160 si
766 1117 928 1186 personas
944 1109 1070 1161 vestras
1095 1097 1259 1187 sagaciter

132 1217 199 1260 non
227 1196 364 1286 eregitis
397 1207 453 1261 aut
486 1197 621 1262 fratrem
654 1198 766 1287 perire
796 1195 1010 1288 permittetis.
1049 1225 1065 1262 a
1097 1202 1186 1266 Haec
1219 1223 1259 1266 eo

132 1297 278 1378 dicente,
295 1297 406 1362 nullus
419 1300 630 1364 sacerdotum
646 1299 676 1364 ei
692 1295 1068 1389 quicquam'respondit.
1083 1302 1260 1368 Timebant

132 1399 221 1463 enim
239 1423 350 1490 regem
369 1413 401 1464 et
417 1400 563 1465 furorem
577 1399 661 1481 eius,
678 1401 771 1466 cuius
787 1401 949 1466 instinctu
962 1403 1044 1467 haec
1060 1403 1255 1492 agebantur.

92 1525 116 1565 ro
132 1503 263 1586 Quibus
290 1501 429 1568 intentis
457 1515 490 1566 et
517 1525 573 1567 ora
594 1503 702 1593 digito
733 1502 1042 1592 conprimentibus,
1077 1527 1139 1593 ego
1169 1504 1220 1569 aio
1251 1540 1257 1576 :

133 1631 150 1665 «
168 1600 305 1668 Adtenti
330 1613 454 1684 estote,
477 1628 620 1694 quaeso,
650 1605 861 1670 sermonibus
881 1603 981 1684 ineis,
1010 1629 1030 1670 o
1058 1606 1260 1672 sanctissimi

133 1705 323 1770 sacerdotes
344 1708 492 1785 Domini,
511 1719 543 1770 et
559 1706 756 1794 praesertim
776 1729 847 1786 vos,
870 1707 928 1796 qui
945 1705 1175 1772 familiariores
1187 1733 1260 1774 esse

133 1803 203 1896 regi
224 1805 406 1888 videmini3
427 1806 578 1874 adhibite
601 1807 630 1874 ei
657 1807 834 1873 eonsilium
855 1819 1005 1874 sanctum
1030 1820 1129 1896 atque
1150 1833 1259 1876 saeer-

132 1905 291 1986 dotalem,
325 1932 366 1974 ne
395 1911 617 1974 exardescens
645 1907 679 1974 in
705 1909 894 1976 ministrum
922 1909 983 1976 Dei
1004 1923 1120 2000 pereat
1148 1914 1189 1976 ab
1211 1913 1260 1976 ire

94 2009 203 2075 rseitrs
237 2023 272 2076 et
300 2035 439 2101 reguum
469 2009 589 2100 perdat
616 2026 649 2076 et
676 2013 829 2102 gloriam.
860 2039 877 2075 »
905 2015 994 2102 llaec
1030 2035 1081 2077 me
1107 2013 1257 2093 dicente,

134 2111 279 2177 silebunt
298 2136 425 2177 omnes.
449 2111 519 2176 lllis
538 2135 617 2177 vero
634 2113 825 2194 silentibuS,
843 2112 950 2179 adieci
970 2137 976 2178 ε
1002 2141 1018 2178 a
1040 2119 1258 2195 Mementote,

133 2212 261 2278 domini
279 2213 323 2278 mi
344 2213 548 2293 sacerdotes,
567 2213 661 2279 verbi
681 2215 885 2304 prophetici,
906 2239 972 2304 quo
991 2216 1037 2282 ait
1060 2243 1067 2282 τ
1086 2221 1125 2282 St
1140 2219 1261 2284 rideret

131 2317 320 2404 speculator·
338 2320 543 2406 iniquitatem
559 2317 699 2380 barcinis
717 2331 747 2380 et
764 2341 828 2381 non
849 2318 987 2396 dicerit,
1013 2342 1090 2383 reus
1110 2324 1171 2384 erit
1190 2325 1259 2383 ont-

132 2419 420 2506 rrzcepereautis1.
444 2419 533 2508 Ergo
548 2417 652 2482 nolite
673 2418 774 2498 siliri,
798 2419 856 2482 sed
879 2415 1071 2507 praedicate
1091 2430 1124 2484 et
1143 2420 1259 2508 ponite

90 2543 115 2581 ra
131 2533 207 2584 ante
227 2519 342 2585 oculos
361 2519 449 2610 regis
465 2531 603 2608 peccata
621 2520 705 2602 eius,
719 2544 761 2584 ne
779 2520 864 2585 forte
883 2519 913 2584 ei
933 2520 1060 2610 aliquid
1076 2521 1160 2586 male
1179 2544 1259 2588 con·

132 2624 251 2712 tingat,
273 2634 306 2686 ct
322 2643 381 2686 vos
406 2621 453 2687 rei
475 2622 547 2688 sitis
568 2646 630 2712 pro
657 2621 866 2688 animosius.
891 2623 943 2686 An
959 2621 1144 2713 ignoratis,
1169 2625 1258 2712 quod

132 2745 253 2789 novum
283 2737 415 2814 gestum
443 2723 544 2788 fuerit
577 2725 750 2814 tempore?
778 2725 954 2808 Quomodo
991 2725 1257 2813 adpraehensum

133 2825 394 2916 Sygismundum
415 2826 648 2891 Chlodomeris
665 2825 802 2892 retrusit
816 2826 851 2890 in
865 2849 1045 2905 carcerem,
1063 2826 1214 2917 dixitque
1228 2821 1257 2894 ei

131 2926 247 2992 Avitus
264 2927 325 2992 Dei
354 2928 510 2992 sacerdos
538 2955 582 2991 z«
607 2931 656 2996 Ne
679 2929 798 2994 inicias
821 2948 954 2994 manum
973 2929 1007 2994 in
1040 2953 1097 3008 eo,
1129 2941 1257 2996 etcum

90 3030 360 3119 asBurgundiam
395 3029 547 3119 petieris,
575 3031 588 3121 ΙΙ
613 3030 785 3096 victoriam
822 3031 1002 3096 obtinebis.
1041 3058 1058 3094 »
1091 3032 1151 3096 llle
1179 3054 1393 3104 verocolett.

131 3133 281 3196 abnuens
300 3154 385 3220 quae
406 3132 435 3197 ei
457 3157 474 3197 a
495 3134 669 3198 sacerdote
689 3134 777 3198 dicta
804 3135 949 3213 fuerant,
978 3131 1060 3198 abiit
1079 3133 1256 3223 ipsumque

131 3255 204 3296 eum
231 3253 332 3296 uxore
362 3245 395 3297 et
421 3231 498 3297 filiis
525 3232 699 3298 interimit.
739 3233 840 3299 Periit
862 3235 975 3323 itaque
1007 3233 1253 3325 Burgundiam,

131 3328 504 3424 ibique'llobpraessus
539 3332 581 3399 ab
616 3337 780 3414 exercitu,
810 3335 1031 3424 interemptus
1067 3348 1128 3401 est.
1166 3336 1255 3421 Quid
1267 3348 1321 3396 aot.
1334 3352 1363 3397 67
1377 3358 1411 3399 ν.

131 3435 293 3500 Maximus
307 3435 509 3524 imperator?
523 3438 605 3501 Cum
619 3438 751 3502 beatum
764 3440 966 3502 Germanum
980 3437 1159 3528 inpulisset
1169 3463 1255 3504 com-

90 3561 116 3601 so
131 3536 299 3602 manicare
323 3537 454 3601 cuidam
485 3534 654 3602 homicide
684 3540 863 3628 episcopo,
884 3539 1011 3619 stille,
1038 3562 1105 3628 quo
1125 3539 1255 3605 facilius

131 3639 284 3705 addictus
309 3651 416 3704 morte
442 3638 619 3720 liberaret,
649 3642 720 3730 regi
744 3639 848 3728 impio
873 3629 1117 3720 consensisset,
1142 3664 1254 3731 prose·

130 3739 246 3830 quenti
261 3741 362 3830 Regis
380 3741 507 3805 aeterni
523 3739 661 3820 iudicio,
685 3743 726 3806 ab
741 3740 883 3829 imperio
899 3740 1060 3830 depulsus
1076 3743 1253 3825 Maximus,

132 3855 236 3907 morte
253 3840 398 3930 pessima
420 3841 662 3907 condemnatus
687 3855 748 3907 est.
780 3869 797 3904 r>
827 3846 914 3908 Haec
940 3865 990 3908 me
1013 3843 1164 3924 dicente,
1187 3869 1254 3910 non

132 3941 306 4034 respondit
330 3944 416 4010 ullus
442 3944 637 4034 quicquam,
674 3945 732 4010 sed
766 3957 861 4010 erant
892 3969 1008 4010 omnes
1039 3946 1161 4014 intenti
1189 3959 1254 4012 stu·

90 4069 116 4108 ss
131 4059 261 4135 pentes.
276 4049 350 4111 Duo
366 4058 479 4111 tamen
496 4045 684 4111 adolatores
704 4069 744 4111 ex
758 4048 841 4135 ipsis
855 4081 900 4096 -
919 4046 1009 4136 quod
1028 4047 1071 4112 de
1086 4047 1254 4139 episcopis

134 4145 201 4212 dici
217 4148 399 4214 dolendum
418 4160 528 4213 est-
552 4147 790 4214 nuntiaverunt
806 4147 889 4238 regi,
911 4148 1063 4215 dicentes
1084 4149 1162 4238 quia
1179 4151 1254 4220 nul·

167 4351 187 4400 l.
208 4351 298 4400 Erech.
313 4355 350 4409 33,
365 4356 386 4400 6.
