3220 5158
402 443 567 494 HISTORlAE
584 441 784 498 FRANCORUM
801 441 901 500 LIBER
915 441 946 516 ll
1195 441 1229 516 59Ι

114 563 250 626 Factum
273 572 323 624 est
346 571 472 638 autem,
499 570 536 623 ut
562 557 757 649 confligenti
783 569 962 648 utroque
952 555 1098 644 exercitu
1129 556 1225 621 vehe-

114 675 244 727 menter
266 662 475 742 cederentur,
502 672 601 749 atque
623 660 787 726 exercitus
817 635 1052 736 Chlodoiechi
1069 656 1163 744 valde
1184 641 1224 723 ad

114 763 370 830 internicionem
395 787 492 828 ruere
513 761 634 850 coepit
665 763 762 846 Quod
784 762 840 827 ille
867 761 1004 841 videns,
1030 759 1163 848 elevatis
1184 759 1225 826 ad

113 869 241 934 caelum
255 866 373 946 oculis,
391 877 600 956 conpunctus
617 866 730 947 corde,
744 864 974 932 commotusin
988 862 1145 954 lacrimis,
1159 861 1222 928 ait:

89 999 131 1036 5«
153 974 228 1037 lesu
250 968 382 1035 Christe
387 991 516 1056 ,quem
534 962 763 1038 Chrotohildis
778 967 950 1058 praedicat
962 991 1034 1032 esse
1050 965 1154 1030 filium
1162 965 1224 1031 Dei

111 1072 194 1156 vivi,
223 1071 280 1162 qui
309 1072 387 1136 dare
402 1069 416 1163 ΙΙ
431 1069 589 1136 auxilium
612 1071 842 1152 laborantibus
872 1069 1110 1158 victuriamque
1137 1067 1172 1132 in
1192 1083 1290 1142 tero]
1303 1094 1378 1142 2522.

112 1174 325 1266 sperantibus
352 1173 499 1240 tribuere
529 1172 696 1264 dignaris,
720 1187 840 1239 tuaeo
821 1172 894 1262 opis
918 1171 1094 1266 gloriam
1085 1161 1248 1248 devotus

112 1275 276 1368 efflagito,
295 1288 391 1355 ut,s1
383 1275 491 1340 mihi
506 1275 680 1343 victuriam
699 1268 875 1366 superbos
892 1277 1006 1340 hostes
1025 1257 1222 1356 indulseris,

111 1393 143 1445 et
160 1391 318 1468 expertus
339 1378 432 1444 fuero
451 1378 542 1444 illam
561 1377 736 1458 virtutem,
759 1403 856 1476 quarn
876 1379 918 1458 de
942 1391 974 1442 te
1000 1363 1143 1468 populos
1168 1390 1225 1474 tuo

76 1481 248 1548 innomine
293 1480 421 1547 dicatus
455 1485 615 1572 probasse
648 1479 834 1572 praedicat,
868 1484 1000 1550 credam
1036 1480 1097 1546 tibi
1126 1493 1160 1564 et
1190 1480 1225 1546 in

111 1583 248 1650 nomine
275 1596 332 1649 tuo
357 1586 516 1674 baptizer.
551 1585 701 1650 lnvocavi
729 1584 817 1652 enim
837 1587 918 1651 deos
941 1609 1049 1666 meos,
1081 1584 1159 1663 sed„
1190 1571 1227 1676 ut

111 1687 278 1777 experior,
308 1686 455 1778 elongati
483 1700 561 1752 sunt
585 1690 626 1753 ab
650 1687 775 1762 auxilio,
791 1713 881 1778 me03
911 1688 1000 1782 unde
1027 1689 1145 1770 credo,
1168 1712 1225 1784 eos

110 1790 236 1856 nullius
272 1815 344 1855 esse
371 1789 546 1880 potestatis
575 1791 762 1905 praeditos,
789 1791 845 1881 qui
876 1790 940 1856 sibi
968 1789 1225 1860 oboedientibus

109 1918 178 1958 non
195 1906 377 1959 occurrunt
409 1896 455 1959 Te
476 1918 565 1958 nunc
582 1893 717 1974 invoco,
731 1893 792 1958 tibi
812 1895 948 1959 credere
968 1891 1134 1976 desidero,
1156 1906 1225 1958 tan-

74 2023 95 2060 25
109 2010 180 2061 tum
201 2009 238 2064 ut
252 2019 349 2060 eruar
366 1978 407 2060 ab
423 1993 620 2060 adversariis
642 1995 735 2060 meis
766 2023 782 2058 22
810 1998 958 2086 Cumque
979 1997 1062 2061 haec
1079 1994 1223 2075 diceret,

108 2098 286 2166 Alamanni
301 2111 393 2188 terga
408 2111 588 2178 vertentes,
608 2098 642 2162 in
655 2099 765 2188 fugam
776 2098 842 2164 labi
859 2109 1051 2188 coeperunt.
1076 2099 1225 2187 Cumque

110 2225 224 2292 regem
241 2226 335 2266 suum
353 2212 530 2266 cernerent
546 2200 795 2289 interemptum,
816 2200 1043 2266 Chlodoveohi
1060 2199 1225 2266 sediccio·

110 2303 211 2370 nibus
230 2303 396 2382 subdunt,
414 2302 564 2369 dicentes
587 2330 626 2367 :a
644 2307 693 2370 Ne
710 2303 867 2392 ampIim,
888 2328 1098 2393 quaesomuS,
1111 2315 1227 2392 pereat

110 2406 274 2498 populus,
297 2405 362 2470 iam
378 2405 425 2494 tui
452 2430 576 2471 sumus.
601 2432 617 2468 2
638 2407 682 2471 At
698 2406 773 2487 ille,
791 2405 962 2496 prohibito
980 2405 1085 2488 bello,
1106 2409 1225 2471 cohor·

73 2534 96 2572 22
110 2520 180 2574 tato
202 2509 417 2598 populorum
437 2533 519 2597 pace
535 2533 724 2598 regressus,
747 2508 892 2594 narravit
913 2507 1060 2600 reginae,
1085 2507 1228 2599 qualiter

110 2636 171 2701 per
191 2611 436 2678 invocationem
463 2609 607 2676 nominis
635 2610 760 2680 Christi
788 2610 962 2678 victuriam
987 2611 1107 2690 meruit
1131 2614 1226 2678 obte-

111 2737 203 2778 nere.
224 2712 342 2778 Actum
358 2738 445 2778 anno
461 2714 577 2802 quinto
594 2713 723 2780 decimo
740 2714 834 2805 regni
851 2715 912 2779 sui.

154 2897 246 2962 XXll
264 2895 339 2984 (31).
359 2899 451 2961 Tunc
472 2895 587 2985 regina
605 2895 766 2961 arcessire
777 2896 861 2962 clam
873 2908 1023 2961 sanctum
1038 2897 1226 2986 Remigium

111 2996 287 3065 Remensis
304 2996 395 3063 urbis
411 2997 605 3085 episcopum
620 2996 725 3077 iubet,
741 3011 773 3062 et
784 2997 994 3086 dipraecanS,
1011 3010 1048 3063 ut
1065 2997 1136 3088 regi
1152 3001 1241 3062 ver-'

73 3128 96 3166 5
74 3103 191 3166 bum
212 3099 350 3164 salutis
341 3101 536 3164 insinuaret
559 3102 665 3183 Quem
680 3098 834 3164 sacerdos
850 3098 1045 3164 arcessitum
1066 3099 1226 3165 seoretius

111 3202 300 3294 coepitll
272 3228 301 3267 er
326 3203 516 3282 insinuare,
540 3213 577 3265 ut
606 3205 713 3267 Deum
742 3226 869 3284 verum,
899 3202 1057 3288 factorem
1084 3201 1166 3300 caeli
1189 3218 1291 3269 accol.
1307 3221 1345 3267 83.

110 3320 220 3373 terrae
239 3306 406 3386 erederet,
436 3304 525 3370 idola
545 3304 755 3394 neglegeret,
781 3329 865 3395 quae
890 3330 999 3395 neque
1026 3303 1090 3369 sibi
1115 3330 1225 3420 peque

111 3410 186 3476 aliis
201 3410 360 3498 prodesse
371 3421 522 3497 possunt
537 3408 580 3474 At
594 3408 650 3473 ille
666 3407 738 3472 ait:
755 3435 772 3470 «
788 3407 945 3473 Libenter
958 3419 1003 3487 te,
1018 3407 1226 3474 sanctissime

110 3525 219 3602 pater,
242 3511 433 3591 audiebam3
457 3511 515 3576 sed
534 3523 638 3576 restat
661 3535 780 3593 unum,
803 3513 892 3600 quod
912 3511 1074 3600 populus,
1100 3513 1156 3600 qui
1174 3535 1226 3577 me

74 3641 98 3680 aa
112 3615 275 3704 sequitur,
309 3638 376 3679 non
407 3613 533 3704 patitur
559 3613 749 3704 relinquere
776 3614 857 3679 deos
883 3637 977 3694 suos;
1002 3615 1061 3679 sed
1083 3612 1167 3678 vado
1194 3627 1228 3679 et

111 3718 231 3806 loquar
255 3717 302 3782 eis
329 3716 420 3782 iuxta
442 3719 589 3784 verbum¹
609 3730 712 3783 tuum.
739 3744 756 3780 »
782 3718 992 3782 Conveniens
1019 3728 1127 3781 autem
1152 3741 1226 3782 cum

114 3819 202 3899 suiS,
222 3819 414 3908 priusquam
432 3819 488 3884 ille
505 3821 711 3909 loqueretur,
731 3831 966 3909 praecurrente
985 3818 1134 3909 potentia
1150 3819 1224 3900 Dei,

114 3922 223 3988 omnis
240 3923 384 4012 populus
401 3923 527 4013 pariter
551 3923 747 3990 adclamavit
767 3951 773 3988 :
802 3923 992 3989 «Mortales
1008 3922 1089 3988 deos
1116 3922 1226 4013 abige·

115 4049 204 4105 mus,
222 4024 276 4114 pie
293 4049 364 4107 rex,
387 4039 420 4091 et
439 4029 545 4092 Deum
566 4050 664 4115 quem
685 4026 856 4118 Remigius
879 4025 1050 4115 praedicat
1071 4025 1226 4090 inmorta-

76 4153 100 4192 25
113 4128 178 4192 lem
197 4127 291 4217 sequi
315 4130 422 4217 parati
443 4153 566 4194 sumus.
593 4156 610 4192 22
637 4129 846 4197 Nunoiantur
872 4131 954 4206 haec
972 4130 1146 4210 antestite,
1170 4127 1226 4218 qui

113 4228 235 4318 gaudio
256 4253 376 4320 magno
394 4230 561 4320 repletus,
581 4230 697 4296 iusssit
718 4232 883 4298 lavacrum
906 4255 1115 4320 praeparare.
1136 4228 1226 4298 Velis

113 4329 256 4420 depictis
272 4332 512 4422 adumbrantur
526 4334 672 4424 plateae,
687 4333 855 4410 ,ecclesiae
873 4331 1011 4410 curtinis
1037 4331 1226 4400 albentibus
