3226 5156
361 477 390 524 92
644 472 803 528 Guuoouu
820 472 1030 524 ruuouurtsm
1048 471 1199 523 EPISCOPI

359 615 499 683 regnum
515 615 583 656 non
604 591 790 682 eriguntur,
808 602 958 655 mortuos
978 615 1036 656 eos
1055 589 1168 656 videre
1187 613 1286 680 quam
1301 594 1437 656 tunsos.
1460 617 1476 652 a

358 694 402 761 At
424 693 480 759 ille
508 718 626 783 parum
646 692 814 759 admirans
834 692 984 759 dolorem
1010 691 1099 772 eius,
1122 717 1183 758 nec
1207 706 1372 774 scrutans,
1396 692 1478 783 quid

360 796 520 886 deinceps
540 795 672 884 plenius
694 806 930 884 pertractaret,
955 793 1048 860 venit
1067 794 1235 876 celeriter,
1257 794 1415 860 nuntians
1440 819 1478 860 ac

359 898 512 965 dicens:
544 923 561 962 r
589 902 733 966 Favente
762 898 877 987 regina
902 921 986 985 opus
1022 908 1177 986 coeptum
1206 897 1375 987 perficite;
1405 898 1479 987 ipsa

279 1035 288 1050 .
360 999 448 1067 enirn
471 1002 542 1067 vult
569 1000 702 1090 explere
730 999 908 1066 consilium
933 1011 1091 1064 vestrum.
1124 1025 1141 1062 n
1173 1003 1244 1066 Nec'
1276 1025 1384 1081 mora,
1419 1000 1509 1065 ad-5
1604 988 1605 1022 ¹

359 1105 582 1191 praehensum
599 1101 878 1170 Chlothaoharius
892 1126 1033 1191 puerum
1050 1103 1216 1170 seniorem
1234 1103 1373 1168 brachio
1389 1103 1480 1169 elisit

359 1204 394 1270 in
410 1217 515 1285 terra,
528 1205 739 1294 defixumque
753 1203 895 1269 cultrum
909 1203 943 1268 in
955 1204 1095 1285 ascella,
1110 1203 1291 1270 crudeliter
1304 1203 1475 1270 interficit.

360 1311 434 1391 Quo
451 1297 673 1394 vociferante,
695 1306 797 1370 frater
813 1305 884 1372 eius
900 1305 942 1371 ad
963 1305 1067 1394 pedes
1088 1306 1306 1396 Chyldeberti
1329 1318 1480 1395 proster-

361 1409 463 1488 nitur,
490 1401 786 1498 adpraehensaque
819 1407 889 1473 eius
919 1429 1045 1497 genua,
1073 1398 1210 1474 aiebat:
1241 1435 1258 1470 (ι
1295 1397 1478 1488 Succurre,

359 1510 509 1601 piissime
528 1525 634 1600 pater,
656 1535 698 1576 ne
716 1523 750 1576 et
770 1534 833 1601 ego
857 1505 976 1599 persar
994 1510 1080 1578 sicut
1095 1511 1198 1576 frater
1212 1535 1320 1576 meus.
1343 1537 1361 1574 n
1386 1515 1479 1578 Tunc
1497 1539 1525 1578 ro
1605 1512 1606 1582 l

227 1613 282 1660 0⁰¹·
296 1613 347 1660 125.
360 1614 626 1702 Chyldebertus,
654 1607 800 1679 lacrimis
823 1637 976 1702 respersa
996 1613 1098 1693 facie,
1116 1613 1161 1679 ait
1184 1641 1191 1678 τ
1211 1613 1224 1704 ll
1242 1639 1259 1676 «
1277 1615 1385 1705 Rogo,
1406 1613 1478 1680 dul·
1605 1591 1606 1622 ¹

360 1714 492 1782 cissime
512 1709 626 1796 frater,
647 1728 684 1781 ut
702 1715 801 1781 huius
817 1713 899 1779 mihi
916 1713 982 1779 vita
999 1727 1055 1780 tua
1072 1714 1227 1805 largitate
1245 1715 1423 1798 concedas,
1445 1731 1480 1783 et

360 1842 444 1907 quae
462 1818 600 1884 iusseris
617 1841 679 1906 pro
695 1819 766 1883 eius
783 1811 925 1881 animam
940 1818 950 1863 ¹
969 1817 1138 1883 conferam
1151 1869 1158 1898 ,
1171 1829 1299 1883 tantum
1318 1845 1360 1885 ne
1373 1821 1479 1887 inter-

361 1919 501 1986 ficiatur.
520 1945 537 1982 »
555 1919 599 1986 At
615 1920 671 1985 ille
688 1914 841 1984 convitiis
857 1931 966 1985 actum
985 1919 1031 1986 ait
1050 1945 1056 1985 :
1075 1945 1093 1983 «
1111 1919 1177 1986 Aut
1195 1921 1286 1986 eiece
1304 1947 1379 1988 enm
1398 1936 1477 2003 ate,

360 2035 416 2090 aut
456 2036 546 2088 certe
583 2029 644 2113 pro
690 2046 729 2087 eo
761 2020 923 2087 morieris.
953 2025 1017 2106 Tu,
1055 2022 1190 2114 inquid,
1233 2049 1267 2090 es
1296 2025 1480 2091 incestator
1496 2051 1524 2092 15
1606 2061 1607 2070 κ

360 2125 460 2191 huius
478 2122 619 2206 causae,
641 2138 674 2191 et
691 2137 758 2190 tarn
771 2120 932 2190 velociter
948 2125 990 2190 de
1007 2125 1073 2190 fide
1097 2125 1235 2191 risillisr
1260 2153 1277 2188 »
1305 2130 1394 2193 Haec
1417 2127 1477 2193 ille

361 2227 517 2308 audiens,
535 2227 705 2316 repulsum
724 2251 741 2290 a
763 2251 798 2291 se
816 2234 956 2315 puerum
974 2228 1118 2315 proiecit
1135 2228 1175 2292 ad
1195 2253 1289 2308 eum;
1307 2230 1380 2319 ipse
1399 2253 1478 2294 vero

361 2329 552 2420 excipiens,
577 2329 772 2395 transfixum
795 2327 903 2392 cultro
928 2327 962 2393 in
991 2328 1114 2409 latere,
1142 2328 1229 2394 sicut
1256 2330 1349 2419 prius
1377 2331 1480 2396 fratre

360 2434 503 2514 lecerat,
524 2433 703 2525 iugulavit3
718 2432 841 2498 deinde
856 2457 978 2523 pueros
994 2457 1068 2498 cum
1088 2431 1241 2497 nutriciis
1259 2434 1477 2521 perimerunt.

361 2535 490 2620 Quibus
525 2535 727 2616 interfectis,
763 2533 1063 2615 Chlothacharins,
1104 2533 1251 2599 ascensis
1290 2533 1530 2625 equitibus,2o
1607 2558 1608 2598 l

361 2633 540 2718 abscessit,
562 2637 654 2727 parvi
674 2639 826 2727 pendens
849 2638 891 2703 de
914 2635 1148 2701 interlectione
1168 2648 1344 2724 nepotum;
1365 2637 1423 2702 sed
1444 2652 1481 2704 et

360 2739 605 2828 Chyldebertus
619 2738 654 2804 in
674 2741 863 2806 suburbana
882 2739 1058 2804 consessit.
1084 2737 1212 2828 Regina
1230 2761 1330 2819 vero,
1350 2765 1480 2830 conpo-
1607 2765 1608 2822 i

361 2841 433 2907 sitis
450 2841 658 2931 corpusculis
675 2842 815 2921 feretro,
836 2866 909 2907 cum
928 2839 1238 2931 magnopsallentio
1255 2840 1479 2933 inmensaque

360 2943 451 3008 luctu
468 2969 575 3034 usque
591 2943 729 3010 basilica
738 2943 844 3009 sancti
856 2943 945 3010 Petri
958 2955 1148 3032 prosecuta,
1164 2954 1341 3033 utrumque
1352 2945 1480 3033 pariter

360 3043 548 3111 tumulavit.¹
564 3045 577 3136 ll
595 3051 744 3130 Quorum
759 3071 844 3111 unus
863 3046 978 3110 decem
995 3069 1177 3128 annorum,
1201 3046 1285 3111 alius
1302 3071 1380 3112 vero
1402 3072 1482 3137 sep·
1498 3079 1532 3118 as

359 3148 493 3214 tuannis
515 3162 597 3214 erat.
625 3142 786 3215 Tercium'
805 3173 883 3213 vero
915 3147 1158 3213 Chlodoaldum
1181 3150 1480 3238 conpraehendere

359 3275 426 3316 non
441 3264 644 3340 potuerunt,
664 3250 741 3340 quia
756 3275 817 3340 per
831 3248 988 3315 auxilium
1001 3251 1147 3315 virorum
1166 3250 1300 3315 fortium
1316 3250 1480 3317 liberatus

307 3369 309 3375 ’
359 3365 420 3418 est.
444 3353 671 3443 Postpositnm
687 3377 827 3444 regnum
847 3366 1036 3433 terrenum,
1060 3353 1101 3418 ad
1125 3353 1304 3418 Dominum
1329 3354 1477 3443 transiit,

359 3468 392 3520 et
409 3457 474 3520 sibi
490 3481 589 3521 manu
606 3456 742 3546 propria
762 3454 902 3545 capillos
917 3455 1089 3534 incidens,
1117 3455 1258 3521 clericus
1278 3457 1383 3522 sactus
1410 3471 1475 3540 est,

359 3557 456 3623 bonis
475 3561 632 3648 operibus
651 3558 823 3638 insistens,
839 3557 1003 3648 presbiter
1021 3559 1062 3624 ab
1081 3560 1146 3624 hoc
1167 3559 1291 3624 mundo
1308 3559 1473 3650 migravit.
1494 3590 1528 3630 ao

359 3660 412 3726 Hii
430 3685 564 3751 qnoque
579 3685 720 3753 regnum
740 3660 973 3727 Chlodomeris
990 3661 1080 3725 inter
1100 3685 1135 3725 se
1155 3685 1260 3750 aequa
1282 3661 1377 3726 lance
1395 3661 1479 3728 divi-

359 3775 485 3828 serunt.
505 3763 771 3852 Chrodechyldis
788 3789 867 3829 vero
884 3763 1000 3854 regina
1017 3763 1184 3853 talemque
1203 3788 1238 3828 se
1257 3763 1419 3844 exhibuit,
1440 3780 1481 3832 ut

359 3867 399 3930 ab
419 3865 575 3931 omnibus
600 3868 837 3946 honoraretur3
863 3866 997 3932 assidua
1016 3863 1051 3930 in
1069 3861 1285 3954 elymosinis,
1315 3881 1478 3954 pernocte

358 3967 392 4032 in
411 3967 552 4059 vigiliis,
581 3970 615 4034 in
641 3969 793 4034 castitate
818 3981 917 4060 atque
942 3971 1119 4034 honestate
1145 3992 1261 4058 puram
1289 3994 1323 4034 se
1343 3995 1478 4060 semper

359 4070 526 4152 exhibuit;
553 4071 690 4161 praedia
719 4073 868 4153 eclesiis,
895 4071 1107 4138 monasteriis
1130 4071 1182 4137 vel
1207 4072 1475 4164 quibuscumque
1491 4104 1525 4145 aa

358 4173 441 4240 locis
459 4175 584 4241 sanctis
603 4177 791 4242 necessaria
809 4174 990 4264 praevidit,
1013 4175 1105 4267 larga
1123 4200 1160 4241 ac
1184 4198 1290 4264 prona
1306 4175 1479 4244 voluntate

1187 4314 1479 4328 n—-a--nnou-

389 4382 412 4430 l.
430 4385 500 4432 Corr.
514 4383 609 4434 anima.
