3226 5156
417 444 580 492 lllSTOlllAE
597 443 798 494 Fuaacoaun
815 447 911 496 LIBER
927 448 968 496 IV.
1210 453 1254 499 1⁴17

130 558 199 646 pit3
220 559 592 652 Vulthrogotliam-vero
607 573 640 625 et
656 551 740 626 filias
751 562 823 628 eius
841 565 922 629 duas
934 564 968 628 in
980 565 1114 632 exilium
1127 567 1250 655 posuit.

130 663 322 728 Chramnus
353 677 461 728 autem
496 663 583 752 patri
605 677 848 753 praesentatur,
879 667 937 732 sed
968 681 1084 756 postea
1108 668 1253 734 infidelis

131 763 254 830 extitit.
281 767 431 854 Cumque
446 791 488 830 se
515 778 668 838 cerneret
692 766 830 832 evadere
855 793 921 833 non
944 793 1060 858 posse,
1092 770 1254 836 Brittania

130 866 249 956 petiit,
264 867 378 958 ibique
394 893 468 934 cum
485 870 624 934 Chonno
636 870 865 935 Brittanorum.
876 871 997 938 comite
1015 871 1086 961 ipse
1105 872 1157 937 vel
1173 899 1255 938 uxor

99 997 114 1034 s
130 969 206 1036 eius
218 995 255 1035 ac
266 970 353 1036 filiae
366 969 764 1040 latuerunt.Wilicharius
778 984 886 1036 autem
899 974 1054 1039 sacerdos
1064 975 1104 1039 ad
1116 975 1253 1042 basilica

131 1073 241 1138 sancti
251 1073 385 1140 Martini
396 1073 557 1164 confugit.
569 1077 662 1140 'lunc
673 1086 785 1140 sancta
798 1074 934 1140 basilica
947 1100 964 1140 a
978 1075 1124 1165 peccatis
1137 1078 1252 1166 populi

131 1199 172 1240 ae
181 1173 339 1254 ludibria,
353 1200 436 1266 quae
449 1175 483 1240 in
496 1199 533 1241 ea
544 1175 680 1254 fiebant,
692 1174 992 1264 perWilicharium
1008 1177 1251 1268 coniugemque

130 1277 204 1343 eius
223 1302 383 1344 succensa
401 1291 470 1357 est;
492 1278 581 1367 quod
600 1302 671 1369 non·
684 1277 697 1368 ll
715 1275 787 1341 sine
806 1278 898 1367 gravi
919 1278 1062 1368 suspirio
1088 1304 1250 1346 memora·
1263 1294 1317 1343 Col.
1332 1296 1385 1344 ⁴161.

130 1405 216 1446 mus.
246 1381 313 1447 Sed
338 1393 372 1446 et
393 1380 507 1446 civitas
530 1379 694 1446 Toronica
718 1391 793 1444 ante
820 1403 943 1445 annum
972 1379 1036 1444 iam
1063 1380 1141 1471 igne
1170 1406 1250 1447 con·

87 1509 114 1547 πο
132 1495 266 1572 sumpta
280 1483 401 1563 suerat,
421 1495 455 1548 et
471 1492 521 1548 tot
534 1481 675 1547 eclesiae
690 1483 725 1547 in
737 1482 852 1546 eadem
869 1494 1079 1548 constructae
1096 1483 1250 1549 desertae

132 1580 223 1650 sunt.
242 1586 399 1651 Protinus
419 1583 507 1650 beati
526 1582 661 1650 Martini
683 1582 835 1664 basilica,
853 1583 1030 1648 ordinante
1053 1585 1249 1650 Chlothario

132 1712 225 1779 rege,
244 1713 261 1752 a
274 1700 392 1779 stagno
406 1700 562 1777 cooperta
582 1698 633 1752 est
647 1699 681 1752 et
694 1686 728 1752 in
745 1686 801 1751 illa
810 1698 846 1751 ut
860 1686 953 1775 prius
969 1687 1250 1778 lueratelegantia

133 1803 295 1880 reparata.
328 1793 421 1856 Tunc
441 1791 526 1856 duae
551 1788 639 1854 acies
664 1788 866 1854 locustarum
891 1800 1137 1878 apparuerunt,
1166 1813 1250 1878 quae

132 1916 193 1980 per
213 1891 398 1958 Arvernum
418 1905 516 1983 atque
541 1893 795 1956 Lemovecinum
813 1901 1042 1973 transeunteS,
1066 1901 1103 1955 ut
1124 1891 1247 1973 ferunt,

88 2020 117 2059 rs
135 1992 355 2062 Romauicum
373 2018 523 2084 campum
550 2006 729 2072 venerunt,
755 1992 893 2083 inquo,
917 1993 1081 2081 proelium
1107 1992 1196 2057 inter
1214 2018 1250 2058 se

133 2111 263 2176 actum,
284 2097 423 2163 maxime
439 2109 516 2162 sunt
534 2095 691 2161 conlisae.
706 2095 920 2161 Chlotharius
936 2106 1045 2159 autem
1061 2119 1119 2160 rex
1135 2107 1250 2160 eontra

133 2202 337 2266 Cbramnum
354 2200 529 2278 frendens,
547 2223 622 2263 cum
634 2197 780 2272 exercitu
798 2199 957 2277 adversus
977 2222 1052 2262 eum
1073 2195 1107 2261 in
1125 2199 1249 2263 Britta-

133 2306 204 2369 nias
235 2302 361 2393 dirigit.
400 2303 466 2368 Sed
495 2327 555 2366 nec
584 2301 640 2367 ille
674 2313 789 2366 contra
821 2313 949 2391 patrem
979 2302 1094 2392 egredi
1125 2302 1245 2369 timuit.

132 2409 283 2495 Cumque
306 2405 339 2470 in
359 2429 461 2471 unum
486 2429 638 2494 campum
665 2403 884 2494 conglobatus
911 2415 1051 2492 uterque
1079 2406 1250 2470 resederet

85 2535 115 2572 ao
130 2509 314 2590 exercitus,
334 2521 366 2573 et
382 2509 568 2574 Chramnus
588 2531 662 2572 cum
678 2505 838 2571 Brittanis
862 2517 978 2570 contra
997 2519 1124 2594 patrem
1144 2507 1248 2573 aciem

130 2609 362 2689 instruxisset,
391 2610 403 2700 ll
426 2609 642 2675 incumbente
663 2620 761 2673 nocte
780 2632 797 2671 a
815 2606 905 2671 bello
935 2620 1100 2673 cessatum
1121 2621 1181 2674 est.
1202 2613 1365 2680 EaF01.t9.

130 2738 264 2803 quoque
281 2726 379 2778 nocte
396 2714 536 2778 Chonoo
561 2711 786 2776 Brittanorum
810 2734 922 2774 comes
945 2709 1028 2776 dicit
1047 2711 1087 2775 ad
1106 2713 1245 2777 Chram·

129 2840 210 2880 num
234 2843 240 2880 :
263 2843 279 2878 n
300 2815 462 2881 lniustam
484 2837 623 2893 censeo,
650 2825 682 2877 tc
709 2824 825 2878 contra
850 2823 977 2902 patrem
1003 2825 1095 2878 tuum
1123 2816 1246 2880 debere

129 2918 258 3008 egredi.
293 2917 451 2984 Permitte
484 2941 535 2980 me
572 2918 633 2980 hac
667 2927 783 2994 nocte,
813 2927 850 2979 ut
878 2915 1008 2980 inruam
1040 2941 1141 3005 saper
1171 2941 1245 2982 eum

85 3046 113 3084 aa
129 3022 308 3109 ipsumque
321 3044 395 3085 cum
413 3033 484 3085 toto
500 3019 647 3084 exercitu
658 3031 879 3108 prosternam.
895 3046 911 3080 u
930 3020 1026 3102 Quod
1044 3018 1243 3100 Chramnus,

129 3135 166 3186 ut
185 3122 286 3186 credo
311 3122 433 3187 virtute
458 3121 520 3187 Dei
540 3133 756 3210 praeventus,
774 3121 845 3186 lieri
869 3146 935 3186 non
955 3119 1118 3210 permisit.
1149 3127 1245 3190 Mane

128 3236 240 3289 autem
261 3223 365 3304 lacto,
389 3237 542 3313 uterque,
566 3237 731 3296 commoto
750 3223 896 3289 exercitu
921 3223 961 3288 ad
985 3225 1108 3290 bellum
1130 3239 1244 3292 contra

129 3351 165 3390 se
196 3339 389 3416 properant.
429 3328 566 3415 lbatque
601 3324 815 3391 Chlotharius
852 3350 909 3390 rex
941 3335 1108 3416 tamquam
1141 3353 1245 3393 novus

129 3428 235 3494 David
269 3441 385 3493 contra
410 3426 663 3492 Abissalonem¹
690 3425 794 3492 filium
821 3440 1049 3518 pugnaturus,
1080 3431 1244 3520 plangens

87 3557 113 3594 sc
129 3542 229 3619 atque
245 3528 360 3595 dicens
379 3555 386 3593 :
408 3556 425 3592 t<
447 3527 606 3618 Respice,
628 3529 790 3606 Domine,
811 3529 852 3594 de
872 3530 963 3594 caelo
984 3542 1017 3594 et
1041 3530 1152 3597 iudica
1172 3557 1245 3597 cau-

129 3657 197 3696 sam
226 3656 350 3711 meam,
382 3631 459 3721 quia
483 3631 605 3696 iniuste
627 3656 645 3694 a
670 3630 738 3695 filio
766 3631 903 3696 iniurias
927 3631 1046 3720 patior.
1081 3637 1242 3724 Respice,

128 3733 288 3814 Domine,
316 3748 350 3799 et
375 3734 485 3799 iudica
505 3734 608 3814 iuste,
631 3733 781 3823 illudque
807 3734 930 3824 inpone
951 3733 1127 3814 iudicium,
1155 3737 1244 3825 quod

128 3837 297 3926 quondam
321 3838 410 3902 inter
439 3836 678 3901 Abessalonem
714 3848 748 3900 et
779 3848 907 3927 patrem
941 3835 1011 3901 eius
1042 3837 1196 3926 posuisti.
1226 3867 1241 3900 n

130 3938 357 4030 Conlligentes
396 3938 519 4004 etenim
565 3939 701 4027 pariter,
742 3941 967 4004 Brittanorum
1003 3964 1114 4004 comes
1151 3954 1244 4031 terga

86 4041 228 4108 caecutit
246 4042 360 4131 ibique
381 4040 513 4107 cecidit.
537 4039 690 4128 Denique
706 4042 893 4105 Chramnus
909 4043 1019 4132 fugam
1035 4041 1122 4118 iniit,
1147 4067 1243 4106 naves

161 4315 183 4362 l.
202 4314 241 4361 ct.
252 4315 273 4360 2.
288 4314 349 4375 Reg.
365 4314 402 4361 13.
