3226 5156
367 488 397 534 90
645 471 808 534 dunecan
826 471 1202 532 canonensrsnrlsoorr

369 585 472 670 eescIt
496 602 581 681 dies,
608 598 699 690 quod
730 597 815 664 nihil
834 581 932 689 panis
965 599 1195 689 pulmentique
1219 596 1433 690 gustavimus.
1465 623 1482 660 a

368 703 551 772 Oboultatis
569 715 678 770 autem
698 700 828 792 pueris,
849 703 1004 791 praebuit
1024 700 1072 768 eis
1093 701 1238 768 infusum
1263 724 1336 767 cum
1357 701 1434 766 viuo
1451 713 1485 766 et

367 827 486 898 panem
507 819 541 872 et
558 805 640 871 abiit
656 805 697 870 ad
713 803 908 870 matutinus.
928 806 1137 893 Secutusque
1156 815 1208 868 est
1229 805 1408 885 barbarus,
1425 802 1484 868 ite·

310 931 313 938 ’
367 935 440 977 rum
458 908 631 999 inquirens
649 930 789 997 pueros;
812 907 871 972 sed
891 906 1021 971 inlusus
1039 929 1057 970 a
1075 905 1284 996 presbitero,
1312 929 1485 996 regressus

368 1023 428 1080 est.
448 1011 620 1079 Presbiter
633 1010 723 1076 enim
740 1008 919 1076 amicitiam
935 1033 1009 1074 cum
1022 1010 1119 1075 beato
1133 1007 1298 1099 Gregorio
1313 1009 1482 1098 antiquam
1496 1035 1510 1073 s
1609 1077 1610 1086 χ

367 1101 523 1206 habebat.
553 1117 646 1180 Tunc
673 1111 852 1203 resumptis
878 1110 975 1201 pueri
1005 1112 1123 1200 aepulo
1149 1110 1294 1192 viribus,
1321 1135 1382 1201 per
1401 1111 1485 1178 duos

368 1219 440 1286 dies
460 1217 494 1282 in
514 1218 614 1282 domo
629 1213 809 1306 presbiteri
829 1220 1083 1295 con'morantes,
1109 1215 1360 1293 abscesserunt,
1385 1225 1419 1278 et
1438 1212 1486 1279 sic

369 1341 473 1411 usque
499 1318 540 1385 ad
558 1331 709 1384 sanctum
734 1315 934 1408 Gregorium
954 1315 1074 1406 perlati
1096 1326 1184 1381 sunt.
1213 1316 1353 1382 Gavisus
1376 1327 1486 1381 autem

369 1423 519 1514 pontifex
545 1420 624 1486 visis
661 1419 793 1511 pueris,
808 1423 809 1428 ’
826 1417 916 1485 flevit
938 1442 1038 1508 super
1066 1418 1189 1484 collum
1208 1417 1324 1499 Attali,
1353 1419 1486 1508 nepotis

370 1525 440 1605 sui;
464 1527 609 1591 Leonem
629 1535 739 1588 autern
759 1521 873 1614 aiugo
893 1520 1062 1587 servitutis
1095 1521 1271 1587 absolvens
1296 1543 1371 1587 cum
1395 1521 1485 1587 omni
1502 1548 1528 1586 ro

370 1627 589 1720 generatione
610 1651 685 1706 sua,
712 1625 807 1693 dedit
832 1625 862 1690 ei
893 1635 1014 1691 terram
1041 1625 1231 1714 propriam,
1259 1625 1295 1689 in
1320 1633 1386 1713 qua
1413 1647 1487 1693 cum

370 1755 472 1797 uxore
491 1755 528 1796 ac
543 1728 659 1795 liberis
676 1728 763 1794 liber
779 1726 861 1794 vixit
880 1726 1036 1794 omnibns
1058 1727 1178 1793 diebus
1198 1725 1284 1792 vitae
1305 1751 1394 1794 suae.

414 1913 500 1979 XVI.
523 1908 713 2000 Sigivaldus
734 1921 842 1974 autem
861 1932 936 1974 cum
957 1907 992 1973 in
1010 1907 1160 1974 Arverno
1182 1908 1365 1987 habitaret,
1387 1906 1490 1972 multa

370 2015 454 2082 mala
472 2013 507 2078 in
525 2037 563 2078 ea
580 2011 839 2102 faciebat-Nam
861 2024 894 2078 et
915 2034 969 2076 res
989 2011 1196 2077 diversorum
1220 2011 1435 2100 pervadebat,
1457 2023 1491 2076 et

371 2118 456 2182 servi
471 2115 542 2182 cius
559 2139 628 2180 non
643 2113 854 2180 desistebant
866 2138 884 2178 a
898 2113 1007 2194 furtis,
1020 2113 1212 2180 homicidiis
1224 2138 1261 2179 ae
1279 2115 1490 2202 superventis
1507 2139 1538 2179 15

370 2219 511 2285 diversis
530 2217 731 2299 sceleribus,
753 2242 815 2283 nec
830 2217 917 2282 ullus
936 2217 1071 2284 muttire
1091 2241 1190 2282 ausus
1211 2229 1283 2283 erat
1297 2241 1408 2283 coram
1425 2217 1487 2282 eis.

371 2321 467 2388 Unde
487 2320 609 2385 factum
629 2331 697 2399 est,
714 2333 752 2385 ut
766 2321 839 2409 ipse
855 2319 966 2385 villam
985 2318 1244 2410 Bulgiatcnsim,
1264 2343 1362 2408 quam
1382 2344 1490 2409 quon-

372 2423 447 2488 dam
462 2420 661 2488 benedictus
681 2421 856 2487 Tetradius
878 2421 1057 2511 episcopus
1076 2420 1235 2486 basilicae
1253 2421 1360 2487 sancti
1371 2422 1492 2488 Iuliani

372 2525 569 2614 reliquerat,
593 2525 770 2590 temerario
795 2549 876 2590 ausu
900 2524 1108 2614 pervaderet.
1135 2525 1202 2590 Sed
1225 2548 1300 2589 cum
1319 2524 1494 2616 ingressus

372 2629 471 2693 domo
497 2627 554 2693 illa
578 2627 711 2708 fuisset,
740 2627 852 2693 statim
876 2650 990 2691 amens
1015 2625 1170 2706 effectus,
1198 2626 1286 2692 lecto
1314 2628 1488 2694 decubuit.
1508 2657 1545 2695 aa

372 2735 465 2798 'l'unc
483 2731 601 2796 mulier
619 2730 788 2796 admonita
802 2755 863 2819 per
878 2729 1098 2808 sacerdotem,
1109 2728 1272 2795 elevatum
1282 2730 1317 2794 in
1335 2731 1495 2797 basterna

372 2847 406 2899 et
424 2833 459 2899 in
481 2833 581 2899 aliam
602 2833 713 2899 villam
732 2833 921 2912 transtulit,
944 2857 1060 2898 sanum
1083 2830 1214 2921 recipit.
1246 2835 1287 2898 Et
1306 2834 1492 2913 accedens,

372 2938 527 3026 exposuit
544 2935 574 3002 ei
590 2935 720 3018 omnia,
740 2959 825 3026 quae
842 2935 1035 3027 pertulerat.
1056 2934 1154 3020 Quod
1174 2933 1231 3000 ille
1247 2935 1402 3016 audiens,
1415 2948 1494 3002 vota

372 3042 475 3105 beato
497 3052 640 3128 martyre
666 3040 771 3119 vovit,
804 3063 888 3128 quae
919 3039 1083 3127 semplum
1104 3038 1288 3104 abstulerat
1320 3038 1494 3128 duplicata

373 3141 530 3208 restituit.
556 3140 769 3208 Meminimus
789 3139 888 3206 huius
913 3139 1054 3207 virtutes
1084 3140 1119 3206 in
1144 3140 1232 3207 libro
1253 3139 1493 3208 Miraculorurn
1510 3170 1545 3211 25

375 3246 481 3311 sancti
497 3243 629 3310 Iuliani.

218 3408 377 3520 Ὲὲξξῆζέζ.
418 3426 519 3494 XVII.
542 3423 647 3515 Igitur
673 3423 806 3512 Dynifio
829 3379 989 3515 episcopo
1006 3424 1094 3514 apud
1112 3427 1264 3490 Toronus
1289 3423 1495 3506 decedente,

375 3525 559 3595 Ommatius
577 3528 685 3594 tribus
701 3527 797 3592 annis
819 3524 973 3615 praefuit.
996 3524 1057 3593 Hic
1076 3526 1165 3592 enim
1181 3550 1221 3591 ex
1237 3525 1328 3592 iusso
1345 3525 1497 3595 Chlodo·

374 3631 493 3712 meris‚
519 3631 573 3696 cui
601 3653 702 3719 supra
731 3628 962 3710 meminimus,
985 3627 1159 3695 ordinatus
1185 3641 1245 3694 est.
1275 3628 1336 3693 lllo
1361 3652 1498 3717 quoque

374 3733 555 3822 migrante,
582 3733 648 3798 Leo
679 3743 807 3820 septem
837 3729 1009 3798 mensibus
1035 3728 1246 3796 ministravit.
1279 3727 1340 3795 Hic
1360 3729 1423 3793 fuit
1444 3727 1499 3796 vir
1516 3767 1551 3806 30

375 3848 530 3902 strenuus
548 3847 646 3923 atque
660 3832 752 3900 utilis
765 3832 799 3898 in
810 3832 936 3903 fabrica
946 3831 1058 3923 operis
1075 3831 1219 3923 lignarii.
1237 3836 1311 3917 Quo
1322 3831 1497 3915 defuncto,

374 3938 571 4006 Theodorus
588 3949 621 4002 ct
638 3937 799 4002 Proculus
824 3935 996 4026 episcopi,
1018 3934 1075 4026 qui
1100 3935 1141 4002 de
1167 3934 1319 4024 partibus
1344 3937 1499 4028 Burgun-

375 4040 450 4107 diac
479 4040 696 4120 advenerant,
732 4038 910 4106 ordinante
941 4037 1362 4132 Chrodechyldaeregina,
1388 4036 1499 4106 tribus

376 4142 472 4217 annis
506 4141 704 4210 Toronicaru
739 4154 898 4209 rexerunt
935 4143 1102 4210 eclesiam.
1142 4143 1272 4228 Quibus
1310 4139 1497 4223 defunctis,

374 4245 541 4312 Francilio
573 4243 849 4312 exsecutoribus
875 4245 1102 4313 substituitur.
1139 4243 1236 4312 Anno
1267 4243 1370 4336 igitur
1396 4243 1499 4311 tertio
1518 4281 1553 4326 ³5

375 4350 590 4440 episcopatus
618 4346 687 4429 sui,
718 4371 792 4414 cum
818 4347 979 4415 dominici
1008 4347 1130 4418 natalis
1162 4372 1229 4414 nox
1251 4347 1335 4438 alma
1361 4347 1500 4440 populis
