3220 5158
425 452 589 501 HISTORIAE
607 452 807 502 FRANCORUM
824 453 920 502 LIBER
936 455 968 502 ll.
1225 453 1254 498 53

136 567 326 616 revertebatur.
340 567 396 624 Quo
405 568 542 632 migrante,
554 568 677 617 Sidonius
690 586 720 618 ex
731 571 1050 633 praefectosubstituetur,
1061 569 1102 617 vir
1113 568 1254 616 secundum

136 631 235 678 saeculi
251 631 407 694 dignitatem
418 631 598 679 nobilissimus
615 639 638 679 et
658 632 690 680 de
709 633 802 696 primis
816 633 962 682 Galliarum
981 632 1159 688 senatoribus,
1177 631 1214 678 ita
1225 637 1255 678 ut

136 693 221 741 filiam
236 694 287 742 sibi
303 694 372 742 Aviti
388 694 554 757 imperatoris
571 694 599 741 in
619 695 784 743 matrimonio
804 696 920 744 sociaret.
946 696 1028 743 Huius
1047 700 1176 758 tempore,
1195 709 1254 740 eum

135 756 223 804 adhuc
234 757 304 820 apud
314 757 406 804 urbem
415 758 558 805 Arvernam
566 756 704 814 Victorius,
716 759 757 805 eui
766 774 847 822 supra
856 758 1030 814 meminimus,
1040 763 1193 814 moraretur,
1206 755 1255 803 fuit

108 824 120 862 5
135 819 164 866 in
177 819 336 867 monasterio
348 820 418 867 beati
435 819 533 875 Quiriei
545 819 618 868 urbis
635 819 719 883 ipsius
735 821 816 868 abbas
837 821 970 868 Abraham
982 821 1098 875 nomine,
1134 821 1159 866 ui
1173 819 1223 866 fide
1234 821 1244 878 ll
1264 806 1317 854 0⁰¹·
1332 808 1370 854 73·

136 888 215 955 atque
227 882 351 956 operibus
369 882 487 931 Abrahae
504 881 576 930 illius
592 882 689 944 prioris
703 883 789 946 gratia
804 884 964 946 refulgebat,
983 883 1049 931 sicut
1060 882 1088 929 in
1100 837 1170 930 libro
1185 881 1254 929 vitae

135 959 192 992 erus
206 960 370 1008 scripsimus.

168 1086 207 1132 22.
226 1086 337 1133 Sanctus
350 1101 412 1134 vero
425 1086 547 1134 Sidonius
559 1092 646 1134 tantae
665 1086 799 1134 facundiae
818 1093 885 1145 erat,
905 1093 933 1135 ιιι
946 1087 1099 1151 plerumque
1111 1103 1141 1134 ex
1153 1087 1254 1196 impro-

134 1148 195 1196 viso
207 1148 414 1196 luculentissime
426 1165 492 1212 quae
501 1149 641 1206 voluisset,
655 1149 728 1196 nulla
740 1150 882 1197 obsistente
895 1167 981 1206 mora,
997 1156 1171 1213 componeret.
1206 1165 1253 1197 on-

94 1217 119 1255 10
134 1210 197 1273 tigit
212 1217 298 1258 autem
311 1211 423 1275 quadam
437 1211 490 1268 die,
504 1218 533 1259 ut
552 1211 585 1259 ad
604 1210 772 1259 festivitatem
790 1212 914 1260 basilicae
929 1213 1092 1270 monasterii,
1110 1213 1151 1259 cui
1173 1228 1254 1275 supra

135 1272 317 1330 meminimus,
331 1273 457 1321 invitatus
474 1274 619 1330 accederet,
638 1274 776 1336 ablatoque
793 1274 843 1322 sibi
860 1274 978 1338 nequiter
995 1274 1097 1332 libello,
1118 1290 1165 1337 per
1177 1291 1254 1338 quem

136 1342 305 1383 sacrosancta
328 1336 466 1383 sollemnia
485 1352 562 1400 agera
576 1343 758 1392 consueverat,
776 1337 814 1384 ita
832 1343 940 1399 paratus
960 1353 977 1383 a
991 1343 1108 1400 tempore
1132 1343 1254 1384 cunctum

137 1397 288 1445 festivitatis
299 1415 364 1460 opus
378 1398 514 1461 explicuit,
525 1405 554 1445 ιιι
564 1399 597 1446 ab
608 1399 729 1446 omnibus
740 1399 887 1455 miraretur,
901 1416 948 1446 nec
975 1405 1092 1447 utaretur
1104 1399 1138 1447 ab
1150 1399 1254 1446 adstan-

135 1460 221 1517 tibus,
235 1459 333 1508 ibidem
350 1461 481 1508 bominem
501 1460 617 1508 locutum
635 1461 727 1518 fuisse,
745 1462 789 1509 sed
806 1462 935 1524 angelum.
956 1415 1030 1516 duod
1049 1462 1076 1508 in
1092 1461 1253 1524 praelatione

93 1531 120 1569 15
135 1522 212 1579 libri,
226 1539 304 1585 quem
316 1523 347 1570 de
359 1523 447 1570 missis
461 1525 494 1570 ab
510 1539 540 1570 eo
553 1523 704 1587 compositis
722 1524 914 1580 coniunximus,
933 1523 1035 1586 plenius
1052 1524 1251 1572 declaravimus.

136 1584 203 1631 Cum
215 1591 303 1632 autem
315 1592 384 1633 esset
401 1586 555 1648 magnificae
573 1585 719 1633 sanctitatis
735 1592 826 1649 atque,
847 1593 876 1634 ut
890 1587 1019 1644 diximus,
1039 1603 1070 1634 ex
1088 1586 1252 1634 senatoribus

136 1647 244 1710 primis,
257 1648 411 1711 plerumque
424 1648 554 1696 nesciente
567 1648 675 1711 coniuge
685 1664 749 1696 vasa
761 1655 885 1711 argentea
898 1649 1032 1696 auferebat
1045 1665 1060 1697 a
1071 1649 1148 1696 domo
1159 1656 1183 1696 et
1191 1665 1253 1711 pau-

136 1710 245 1772 peribus
258 1711 392 1773 erogabat.
407 1711 481 1766 Quod
498 1711 545 1758 illa
562 1727 621 1757 oum
640 1718 819 1773 cognosceret,
839 1711 1065 1759 scandalizabatur
1077 1711 1104 1758 in
1121 1727 1192 1769 eum,
1208 1711 1253 1758 sed

136 1778 239 1829 tamen,
251 1771 312 1820 dato
325 1773 413 1836 egenis
426 1773 523 1836 pretio,
539 1773 638 1836 speeies
649 1773 719 1821 domi
731 1773 893 1822 restituebat.

90 1925 120 1964 20
167 1917 205 1964 23.
221 1916 337 1981 Cumque
350 1917 381 1964 ad
395 1918 510 1965 officium
522 1915 681 1974 dominicum
697 1915 789 1964 fuisset
805 1915 983 1979 mancipatum
995 1923 1020 1964 et
1036 1921 1152 1962 sanctam
1165 1923 1254 1978 ageret

136 1979 163 2026 in
182 1979 286 2027 saeculo
306 1979 399 2036 vitam,
421 1986 588 2027 surrexerunt
606 1985 696 2026 contra
719 1994 778 2026 eum
799 1979 850 2025 duo
866 1979 1018 2040 presbiteri,
1044 1984 1069 2025 et
1092 1978 1208 2026 ablatam
1229 1979 1253 2026 ei

135 2057 239 2090 omnem
251 2048 408 2104 potestatem
416 2058 431 2089 a
444 2043 522 2090 rebus
535 2041 672 2097 ecelesiae,
683 2046 770 2088 artum
782 2041 940 2088 eivictumet
950 2047 1055 2088 tenuem
1066 2041 1250 2104 relinquentes,

136 2105 169 2151 ad
190 2120 321 2152 summam
337 2121 396 2152 eum
410 2105 594 2152 contumeliam
614 2103 772 2167 redigerunt.
793 2103 842 2151 Sed
860 2119 911 2150 non
928 2103 999 2166 longi
1020 2102 1147 2166 temporis
1167 2104 1252 2166 spatio

135 2167 247 2214 inultam
264 2166 319 2214 eius
338 2167 459 2215 iniuriam
477 2166 565 2214 divina
582 2165 665 2212 voluit
681 2166 809 2213 sustinere
822 2166 967 2213 clementia.
988 2167 1053 2214 Nam
1069 2181 1137 2212 unus
1159 2181 1189 2212 ex
1210 2165 1252 2214 his

90 2238 120 2276 25
135 2229 303 2292 nequissimis
316 2236 341 2276 et
352 2229 490 2292 indignum
502 2228 553 2276 dici
563 2228 725 2292 presbiteris,
737 2244 796 2275 cum
808 2234 866 2275 ante
879 2234 953 2275 nocte
963 2228 1077 2276 minatus
1090 2228 1182 2275 fuisset
1193 2245 1253 2276 eum

135 2291 289 2339 deecclesia
301 2293 367 2339 velle
380 2293 525 2348 extrahere,
538 2291 643 2353 signum
657 2290 690 2337 ad
702 2291 838 2338 matutinis
852 2290 960 2337 audiens
974 2291 1066 2338 fuisset
1078 2296 1250 2349 commotum,

136 2356 238 2402 fervens
252 2353 311 2402 felle
323 2361 413 2402 contra
427 2361 545 2402 sanctum
557 2353 602 2400 Dei
617 2353 741 2409 surrexit,
756 2352 804 2400 hoc
816 2352 904 2415 iniquo
917 2353 994 2400 corde
1007 2354 1109 2417 explere
1122 2353 1250 2416 cogitans,

135 2417 204 2480 quod
216 2416 258 2463 die
270 2416 439 2480 praecedente
451 2421 618 2464 tractaverat.
639 2416 777 2478 Ingressus
790 2421 877 2462 autem
892 2415 919 2462 in
938 2431 1069 2464 secessum
1082 2432 1175 2471 suum,
1189 2417 1252 2464 dum

134 2485 252 2527 ventrem
263 2495 377 2542 purgare
389 2479 488 2535 nititur,
504 2478 625 2540 spiritum
637 2477 776 2525 exhalavit.
789 2479 928 2541 Exspectat
939 2484 996 2525 tum
1006 2494 1065 2526 eum
1095 2494 1142 2525 uer
1154 2494 1169 2525 a
1186 2479 1250 2526 foris

91 2547 121 2585 30
134 2559 193 2589 cum
205 2557 278 2588 cereo
291 2541 425 2589 dominum
441 2543 627 2604 egreslfsurum.
643 2541 748 2604 lamque
765 2540 907 2588 advenerat
920 2540 976 2596 lux,
993 2547 1018 2588 et
1029 2495 1133 2588 satelles
1147 2540 1211 2600 eius,
1222 2541 1249 2589 id
1261 2535 1313 2584 Col.
1329 2537 1367 2584 74.

133 2611 172 2651 est
180 2605 248 2652 alius
261 2604 398 2666 presbiter,
412 2605 493 2652 mittit
504 2603 637 2659 nuntium,
649 2603 737 2650 dicens
749 2618 754 2650 :
767 2619 779 2650 (ι
792 2603 868 2660 Veni,
879 2618 911 2648 ne
923 2603 1048 2660 tarderis,
1059 2610 1088 2650 ut
1098 2618 1164 2667 quae
1173 2604 1248 2651 nobis

132 2666 174 2714 die
186 2666 310 2714 hesterna
319 2668 438 2714 convenit
450 2667 549 2730 pariter
565 2666 724 2728 expleamus.
744 2665 821 2712 »Sed
839 2681 898 2712 oum
914 2681 1041 2728 responsa
1054 2667 1116 2713 dare
1133 2664 1249 2714 differret

133 2728 273 2782 exanimis.
294 2729 393 2776 elevato
409 2745 474 2792 puer
491 2728 547 2776 velo
567 2727 627 2776 ostii
647 2728 763 2791 repperit
781 2728 916 2775 dominum
938 2745 1017 2791 super
1040 2727 1134 2776 sellula
1153 2730 1248 2776 secessi

132 2792 292 2839 defunctum.
308 2791 382 2838 Unde
397 2791 575 2839 indubitatum
591 2797 643 2845 est,
661 2806 712 2837 non
731 2790 839 2838 minoris
860 2790 977 2837 criminis
994 2791 1062 2838 hunc
1085 2805 1159 2837 reum
1177 2807 1247 2847 asse,

91 2863 119 2902 ³5
133 2869 212 2918 quam
224 2853 330 2901 Arrium
341 2853 430 2910 illum,
445 2853 486 2901 cui
500 2853 621 2900 similiter
636 2853 663 2899 in
678 2868 810 2901 secessum
827 2854 931 2900 fuerunt
948 2852 1051 2900 interna
1070 2851 1190 2926 deposita
1201 2869 1249 2916 per

132 2915 216 2980 partis
234 2915 365 2963 inferioris
382 2923 511 2979 egestum,
532 2914 593 2979 quia
610 2930 657 2962 nec
674 2914 745 2962 istud
765 2915 819 2963 sine
838 2915 940 2962 haeresi
958 2921 1045 2978 potest
1061 2915 1156 2978 accipi,
1176 2921 1206 2962 ιιι
1222 2916 1249 2963 in

132 2979 270 3026 ecclesiam
280 2994 331 3026 non
343 2979 500 3026 obaudiatur
516 2977 636 3024 sacerdos
658 2976 715 3033 Dei,
736 2978 776 3025 cui
790 2978 823 3025 ad
842 2977 1003 3040 pascendum
1015 2993 1076 3025 oves
1094 2978 1249 3025 commissae

132 3047 205 3098 sunt,
218 3047 244 3088 et
254 3040 299 3087 ille
312 3056 339 3087 se
350 3041 377 3088 in
398 3049 454 3090 erat
465 3040 602 3104 potestati,
613 3039 654 3086 cui
665 3055 747 3104 neque
760 3057 775 3087 a
785 3040 836 3087 Deo
849 3056 931 3103 neque
942 3039 975 3086 ab
987 3039 1136 3087 hominibus
1149 3039 1248 3103 aliquid

131 3111 172 3150 est
184 3103 362 3152 commissum.
376 3058 472 3151 dehinc
485 3103 577 3150 beatus
589 3102 718 3158 sacerdos,
730 3119 781 3150 uno
794 3103 878 3150 adhuc
891 3109 1009 3149 manente
1023 3101 1192 3149 nihilominus
1203 3103 1249 3149 ini-

92 3180 117 3218 ιο
132 3167 212 3222 mico,
227 3181 288 3212 suae
300 3166 452 3214 restituetur
465 3165 596 3229 potestati.
611 3165 719 3212 Factum
734 3171 774 3213 est
791 3170 878 3212 autem
896 3170 956 3227 post
971 3165 1048 3221 haec,
1067 3171 1095 3212 ut
1112 3164 1249 3212 accedente

133 3229 204 3276 febre
214 3233 351 3291 aegrotare
363 3229 500 3291 coepisset.
512 3227 561 3282 Qui
572 3234 648 3290 rogat
661 3244 735 3284 suos,
749 3234 777 3274 ut
791 3243 850 3274 eum
862 3227 889 3274 in
901 3226 1037 3274 ecclesiam
1051 3227 1155 3274 ferrent.
1170 3226 1248 3275 Cum-

132 3307 181 3364 que
191 3291 254 3338 illuc
267 3289 364 3337 inlatus
376 3291 477 3346 fuisset,
487 3290 675 3337 conveniebant
682 3290 716 3336 ad
727 3289 930 3336 eummultitudo
941 3289 1058 3336 virorum
1068 3305 1097 3336 ao
1109 3289 1250 3336 mulierum

132 3354 262 3416 simulque
274 3352 353 3400 etiam
361 3359 386 3400 et
394 3353 534 3401 infantium
547 3352 727 3414 plangentium
735 3358 811 3415 atque
824 3351 981 3399 dicentium:
992 3350 1063 3398 «Cur
1075 3368 1121 3399 nos
1134 3351 1247 3408 deseres,

131 3421 223 3479 pastor
233 3415 311 3472 bone,
325 3416 367 3462 vel
377 3415 418 3462 cui
429 3431 475 3462 nos
488 3414 563 3478 quasi
575 3415 707 3477 orphanos
718 3414 876 3478 derelinquis
885 3417 894 3460 ι
903 3413 1034 3476 Numquid
1042 3414 1091 3460 erit
1100 3413 1176 3462 nobis
1189 3421 1249 3477 post

92 3492 117 3531 45
131 3478 272 3526 transitum
281 3484 357 3524 tuum
369 3478 440 3525 vita?
450 3477 580 3540 Numquid
595 3477 644 3524 erit
659 3476 826 3540 postmodum
857 3476 883 3523 ui
896 3492 943 3524 nos
957 3476 1100 3539 sapientiae
1116 3476 1169 3523 sale
1186 3493 1248 3524 oon-

131 3540 199 3596 diat,
211 3546 256 3588 aut
267 3539 300 3587 ad
311 3539 433 3588 dominici
445 3539 557 3586 nominis
571 3539 691 3586 timorem
700 3539 779 3587 talem
792 3493 945 3602 prudentiae
955 3538 1054 3586 ratione
1066 3538 1247 3602 redarguatis

131 3603 200 3650 llaec
213 3602 291 3651 ethis
311 3602 407 3650 similia
418 3602 524 3665 populis
542 3617 601 3649 cum
615 3618 710 3664 magno
730 3603 792 3648 fletu
812 3601 971 3658 dicentibus,
991 3601 1096 3648 tandem
1114 3600 1247 3658 sacerdos,

132 3665 234 3730 Spiritu
248 3665 276 3712 in
288 3681 314 3712 se
325 3671 415 3713 sancto
425 3665 557 3722 influente,
571 3664 706 3726 respondit
720 3678 725 3711 :
741 3664 849 3712 «Nolite
862 3663 966 3720 timere,
980 3680 995 3711 o
1007 3663 1111 3726 populi,
1125 3677 1182 3710 ecoe
1196 3664 1250 3710 fra-

132 3734 172 3775 ter
189 3743 262 3775 meus
279 3727 445 3791 Aprunculus
462 3727 541 3783 vivit,
560 3733 585 3774 et
597 3727 654 3789 ipse
670 3726 720 3774 erit
735 3725 856 3773 sacerdos
873 3731 967 3774 vester.
986 3741 998 3773 ι
1016 3725 1065 3780 Qui
1082 3742 1133 3774 non
1151 3725 1250 3773 intelli-

92 3807 118 3846 50
133 3798 238 3854 gentes,
251 3790 394 3855 putabant,
406 3805 465 3838 eum
477 3789 549 3853 loqui
567 3788 667 3852 aliquid
680 3789 706 3834 in
719 3789 809 3836 extasi.

164 3929 220 3986 Quo
231 3929 372 3993 migrante,
384 3929 514 3993 presbiter
524 3929 569 3976 ille
579 3945 704 3993 nequam,
719 3928 785 3976 alter
797 3945 828 3976 ex
834 3928 936 3976 duobus
949 3928 993 3992 qui
1005 3936 1178 3988 remanserat,
1193 3946 1252 4002 pro-

134 3993 203 4042 tinus
216 4009 319 4042 omnem
332 3993 482 4040 facultatem
497 3991 634 4048 ecclesiae,
651 3998 787 4054 tamquam
800 3991 822 4039 si
834 3991 887 4038 iam
899 3991 987 4054 episco
1008 4008 1038 4039 us
1053 3998 1134 4048 esset,
1146 3992 1249 4039 inhians

134 4055 289 4119 cupiditate,
299 4061 485 4128 praeoccupat,
499 4055 587 4102 dicens
602 4070 607 4102 ι
621 4071 633 4101 ιι
643 4054 759 4102 Tandem
770 4055 885 4117 respexit
894 4054 921 4100 in
935 4071 976 4100 me
988 4008 1068 4112 beas,
1080 4070 1247 4118 cognoscens,

133 4133 173 4168 me
182 4117 318 4166 iustiorem
334 4133 391 4165 esse
404 4117 511 4164 Sidonio
523 4117 698 4186 largifltusque
715 4123 755 4164 est
770 4116 833 4164 mibi
846 4116 914 4164 hanc
927 4123 1090 4180 potestatem.
1103 4133 1115 4164 ι
1133 4117 1248 4178 Cumque
1259 4110 1313 4159 Col.
1329 4111 1368 4158 75.

93 4191 119 4231 55
133 4186 272 4244 perfetum
286 4181 379 4228 urbem
393 4180 522 4242 superbus
545 4181 635 4235 fertur,
651 4178 804 4226 adveniente
820 4179 862 4225 die
876 4179 1019 4236 dominico,
1038 4179 1082 4242 qui
1096 4178 1249 4226 imminebat

134 4249 193 4306 post
205 4242 346 4292 transitum
361 4241 443 4290 sancti
459 4241 523 4299 viri,
541 4247 698 4306 praeparato
717 4241 807 4305 epulo,
825 4241 902 4289 iussit
919 4247 1025 4289 cunctos
1042 4241 1111 4290 cives
1128 4241 1155 4288 in
1172 4241 1248 4289 domo

134 4305 256 4356 ecclesiae
267 4311 387 4363 invitari,
401 4303 576 4368 d1spectisque
587 4303 733 4352 senioribus
742 4341 747 4362 ,
757 4303 858 4368 primus
871 4304 999 4354 recumbit
1011 4303 1038 4352 in
1047 4309 1112 4353 toro.
1123 4303 1170 4352 Cui
1178 4303 1249 4352 obla·
