3256 5144
379 427 424 473 160
663 424 819 482 GREGORH
838 424 1045 473 TURONENSIS
1063 425 1213 474 EPlSCOPl

377 543 512 610 Martini
541 543 709 634 pepercit,
732 541 790 606 sed
811 542 900 631 qnod
926 567 1058 608 manum
1085 542 1213 633 tetigit,
1241 541 1313 608 sine
1335 542 1403 608 ullo
1432 541 1495 607 Dei

378 645 508 712 intuetu
538 658 594 711 aut
625 644 778 711 timorem
815 645 973 734 deripuit.
1013 648 1233 713 Merovechus
1266 668 1372 735 prope
1410 646 1495 711 duos

378 772 509 814 menses
524 748 565 814 ad
583 748 784 814 antedictam
805 747 976 815 basilicam
993 749 1170 830 resedens,
1185 749 1296 839 fugam
1315 747 1391 814 iniit
1406 759 1439 813 et
1454 748 1495 813 ad

377 850 637 918 Bruneohildem
664 852 813 944 reginam
838 875 944 941 usqne
969 851 1138 943 pervenit;
1168 852 1227 917 sed
1254 852 1295 916 ab
1315 847 1496 916 Austrasiis

378 978 445 1020 non
465 967 515 1020 est
532 955 704 1020 collectus.
724 956 823 1020 Pater
841 979 919 1020 vero
937 952 1007 1020 eius
1023 955 1204 1020 exercitum
1222 967 1339 1020 contra
1354 955 1496 1041 Campa·
1525 977 1538 1014 s

380 1059 492 1124 nensis
517 1057 637 1138 movit,
665 1069 698 1122 et
724 1069 845 1146 putans
867 1082 941 1123 eum
969 1055 1095 1122 ibidem
1115 1057 1293 1123 occultare.
1324 1058 1392 1123 Sed
1412 1055 1497 1122 nihil

379 1163 572 1230 nocuitnec
587 1185 660 1226 eum
677 1159 786 1249 potuit
803 1162 984 1250 repperire.

422 1388 512 1455 Vllll
531 1386 607 1474 (15).
626 1390 667 1453 Et
687 1386 764 1475 quia
787 1397 937 1472 tempore
957 1384 1031 1466 illo,
1055 1384 1145 1472 quod
1162 1383 1333 1450 Alboenus
1351 1384 1386 1448 in
1404 1383 1500 1449 ltalia

379 1490 550 1580 ingressus
579 1501 630 1554 est
656 1500 689 1553 et
713 1487 993 1569 Chlothaoharius
1022 1499 1054 1551 et
1082 1485 1280 1577 sygibertus
1305 1490 1430 1554 Suevos
1464 1499 1500 1550 et

379 1593 458 1660 alias
475 1604 593 1682 gentes
617 1593 652 1656 in
675 1591 750 1656 loco
772 1590 831 1655 illo
853 1601 1055 1678 posuerunt,
1081 1589 1130 1654 hii
1154 1589 1211 1680 qui
1235 1603 1387 1680 tempore
1408 1589 1500 1680 Sigi-
1518 1614 1545 1652 n

378 1697 465 1761 berti
481 1693 624 1786 regressi
639 1705 731 1771 sunt,
753 1691 788 1757 id
804 1705 855 1756 est
871 1691 928 1781 qui
947 1716 1020 1757 cum
1043 1691 1195 1757 Alboeno
1213 1693 1359 1773 fuerant,
1382 1704 1502 1758 contra

378 1801 440 1866 hos
469 1808 692 1887 consurgunt,
720 1795 870 1860 volentes
897 1818 953 1859 eos
981 1819 998 1858 a
1021 1793 1159 1886 regione
1180 1796 1236 1860 illa
1257 1795 1433 1861 extrudere
1461 1821 1501 1861 ae

379 1900 502 1966 delere.
517 1898 560 1964 At
574 1896 623 1962 illi
634 1897 828 1962 obtulerunt
838 1896 885 1960 eis
897 1897 1028 1961 tertiam
1043 1909 1170 1985 partem
1185 1908 1306 1976 terrae,
1326 1895 1499 1962 dicentes:

381 2001 524 2067 «Simul
547 1998 657 2063 vivere
684 1999 755 2062 sine
782 1996 923 2062 consilio
943 2021 985 2062 ne
1005 2021 1194 2085 possumus.
1217 2025 1234 2060 »
1258 1999 1326 2064 Sed
1346 1997 1395 2063 illi
1416 2023 1502 2064 con-

380 2115 430 2168 tra
441 2127 497 2168 eos
511 2101 604 2182 irati,
628 2125 667 2166 eo
686 2101 777 2190 quod
797 2099 863 2189 ipsi
881 2113 978 2164 antea
993 2102 1058 2165 hoe
1079 2101 1290 2182 tenuissent,
1308 2101 1502 2168 nullatenus
1521 2127 1545 2164 r.

242 2227 303 2274 ¹Col.
314 2227 366 2273 220.
379 2205 554 2297 pacificare
581 2204 768 2270 voluerunt.
800 2202 931 2268 Dehinc
952 2200 1178 2292 llobtulerunt
1208 2203 1256 2269 eis
1289 2204 1345 2270 isti
1376 2205 1502 2271 medie·

378 2320 497 2386 tatem,
521 2309 703 2398 posthaec
732 2306 814 2371 duas
838 2318 967 2394 partes,
1004 2305 1068 2370 sibi
1095 2307 1226 2372 tertiam
1254 2306 1499 2396 relinquentes.

379 2410 577 2478 Nolentibus
595 2423 704 2475 autem
722 2407 805 2488 illis,
827 2409 1022 2474 obtulerunt
1036 2431 1111 2474 cum
1131 2421 1220 2474 terra
1234 2409 1345 2475 omnia
1362 2435 1497 2500 pecora,

378 2526 507 2579 tuntum
526 2525 563 2576 nt
577 2536 595 2577 a
608 2512 697 2578 bello
715 2522 896 2576 cessarent.
916 2511 983 2576 Sed
999 2535 1060 2574 nec
1077 2511 1141 2574 hoc
1162 2509 1211 2575 illi
1227 2509 1497 2600 adquiescentes,

380 2627 547 2681 certamen
564 2611 747 2702 expetiunt.
771 2616 813 2679 Et
826 2613 915 2677 inter
937 2637 971 2678 se
992 2624 1160 2678 certamen
1172 2664 1180 2694 ,
1205 2613 1349 2702 qualiter
1379 2638 1499 2679 uxores
1515 2639 1546 2678 eo

380 2721 561 2785 Snavorum
572 2715 768 2782 deriderent
776 2727 809 2779 et
820 2713 996 2804 quiequam
1008 2727 1086 2804 post
1094 2738 1207 2780 eornm
1222 2715 1312 2781 exitu
1324 2741 1497 2806 accepere,

379 2831 542 2899 tractant,
568 2830 724 2908 putantes
755 2840 812 2881 eos
837 2818 902 2881 iam
927 2816 1021 2907 quasi
1044 2816 1240 2882 interfectos
1260 2819 1397 2884 habere.
1431 2819 1499 2885 Sed

379 2921 514 2989 Domini
545 2920 730 2998 miseratio,
761 2943 843 3006 quae
869 2919 1027 2984 iustitiam
1048 2919 1144 3000 facit,
1179 2921 1214 2985 in
1247 2921 1343 2987 aliam
1370 2935 1499 3012 purtem

379 3024 583 3088 voluntatem
600 3045 715 3086 eorum
740 3020 886 3085 retorsit.
912 3023 994 3088 Nam
1014 3020 1273 3112 confligentibus
1294 3023 1380 3103 illis,
1404 3035 1501 3089 erant

380 3128 483 3194 XXVI
508 3123 598 3191 milia
625 3127 805 3204 Saxonum,
832 3147 872 3188 ex
898 3122 1019 3214 quibus
1049 3127 1108 3189 XX
1142 3123 1231 3189 milia
1265 3123 1497 3206 caeciderunt3
1516 3153 1545 3191 rs
1616 3123 1617 3130 '

381 3231 564 3294 Suavorum
595 3250 729 3316 quoque
754 3250 812 3292 sex
839 3225 930 3291 milia
951 3225 1204 3317 quadringenti,
1225 3229 1342 3294 LXXX
1370 3240 1499 3293 tantum
1616 3205 1617 3229 i

265 3359 319 3406 1³01.
330 3359 368 3406 66.
380 3330 539 3418 prostrati
574 3341 667 3408 sunt3
688 3327 703 3418 ΙΙ
721 3328 840 3416 reliqui
867 3352 945 3393 vero
974 3327 1147 3393 victoriam
1183 3331 1419 3396 obtenuerunt.
1448 3331 1500 3397 Illi

380 3455 513 3521 quoqne
530 3431 587 3521 qui
609 3455 649 3496 ex
673 3429 861 3496 Saxouibus
881 3443 1110 3496 remanserant
1133 3431 1289 3497 detestati
1308 3445 1402 3514 sunt,
1424 3433 1500 3498 nul·

380 3533 447 3598 lum
468 3559 503 3598 se
519 3557 633 3598 eorum
649 3533 786 3597 barbam
803 3557 913 3622 neque
934 3531 1090 3622 capillum
1107 3532 1303 3612 incisurum,
1325 3534 1389 3600 nisi
1406 3534 1500 3624 prius

381 3635 478 3700 sede
501 3635 697 3700 adversariis
720 3635 790 3700 ulto
812 3635 910 3701 irent.
943 3635 1072 3718 Quibus
1092 3637 1212 3703 iterum
1233 3636 1499 3716 decertantibus,
1517 3665 1546 3700 ao

380 3737 414 3801 in
433 3736 556 3804 maiore
577 3735 707 3802 excidio
728 3751 949 3818 conruerunt;
977 3751 1010 3804 et
1036 3737 1083 3802 sic
1104 3764 1121 3804 a
1143 3738 1232 3805 bello
1251 3753 1415 3806 cessatum
1436 3753 1498 3806 est.

425 3962 454 4026 X
475 3959 552 4046 (16).
578 3962 615 4026 ln
638 3959 799 4026 Brittonis
823 3962 906 4026 haec
924 3974 996 4027 acta
1019 3975 1106 4026 sunt.
1128 3961 1306 4029 Maeliavus
1331 3965 1500 4054 quondum
1613 3937 1614 3970 ἶ

382 4075 414 4126 et
449 4062 596 4128 Bodicus
630 4063 857 4128 Brittanorum
889 4063 1028 4129 comites
1067 4079 1309 4136 sacramentum
1341 4066 1429 4133 inter
1464 4093 1500 4134 se

381 4164 559 4244 dederant,
577 4177 614 4229 ut
630 4163 704 4255 quis
723 4165 770 4230 eis
789 4165 1015 4256 superviveret
1034 4165 1121 4231 filius
1140 4169 1245 4256 patris
1266 4168 1401 4234 alterius
1416 4180 1500 4235 tam·

381 4291 478 4356 quam
503 4269 659 4356 proprius
677 4267 877 4334 defensaret.
900 4272 1051 4336 lllortuus
1071 4282 1179 4336 autem
1200 4270 1345 4336 Bodicus
1365 4271 1502 4364 reliquit
1515 4300 1542 4337 aa
1612 4259 1613 4324 l
