3256 5144
417 431 581 482 HISTORIAE
599 433 799 482 FRANCORUM
816 430 912 481 LIBER
928 431 963 479 Vr
1199 433 1243 480 147

129 561 273 614 vestrum
296 562 498 640 expugnant.
530 549 617 632 Quid
642 547 731 613 aliud
757 548 959 637 sperandum
979 547 1063 628 erit,
1090 549 1154 614 nisi
1171 573 1245 615 cum

130 653 294 718 exercitus
312 664 425 738 uester
453 650 634 732 ceciderit,
658 675 717 716 vos
740 651 811 716 sine
838 651 957 716 solatio
980 651 1088 717 relicti
1114 664 1248 742 utquea

128 752 287 844 gentibus
316 753 464 818 adversis
492 753 666 842 oppraessi
689 754 843 842 protinus
862 753 1055 818 conruatisl
1075 754 1111 819 Si
1126 754 1208 835 tibi,
1230 779 1249 820 o

130 881 204 936 rex,
223 857 348 922 bellum
371 855 467 921 civile
487 855 645 944 delectat,
666 855 749 920 illud
767 855 857 944 quod
880 857 1051 946 apostolus
1062 855 1078 946 ll
1092 856 1126 922 in
1142 859 1250 924 homi·
1262 873 1315 922 Fol.
1328 874 1357 919 so
1368 879 1403 918 r.

85 987 100 1025 s
130 983 207 1024 nem
226 957 281 1050 agi
303 957 455 1023 meminit
475 983 614 1038 exerce,
636 970 674 1022 ut
697 957 834 1046 spiritus
858 957 1074 1048 concupiscat
1093 959 1252 1026 adversus

129 1055 288 1140 carnem,¹
303 1074 337 1126 et
354 1059 434 1126 vitia
448 1059 627 1126 virtutibus
646 1059 806 1140 caedant;
834 1074 866 1126 et
884 1074 921 1126 tu
940 1061 1028 1126 liber
1049 1061 1158 1152 capite
1175 1075 1250 1143 tuo,

128 1166 165 1230 id
180 1177 231 1230 est
245 1165 393 1243 Christe,
411 1162 552 1244 servias,
577 1163 638 1252 qui
650 1163 822 1251 quondam
841 1163 988 1228 radicem
1003 1165 1165 1230 malorum
1183 1187 1253 1230 ser·

126 1267 238 1333 vieras
260 1265 470 1355 conpeditos.

176 1456 202 1517 Ι.
232 1449 337 1541 Igitur
371 1449 574 1539 interemptu
605 1447 775 1538 Sigiberto
803 1473 881 1538 rege
911 1448 999 1537 apud
1030 1447 1255 1516 Victuriacum

87 1555 257 1631 ovillam,
279 1551 546 1619 Brunechildae1
564 1553 679 1641 regina
695 1576 769 1617 eum
785 1550 862 1615 filiis
879 1550 1048 1634 [Parisius]
1065 1551 1252 1617 resedebat.

130 1657 232 1740 Quod
249 1656 370 1720 factum
382 1679 457 1720 eum
474 1655 516 1718 ad
531 1679 602 1719 eam
616 1655 780 1743 perlatum
795 1653 924 1733 suisset,
939 1666 974 1718 et
988 1656 1256 1720 conturbatado·

130 1759 204 1824 lore
216 1783 252 1823 ac
264 1758 368 1836 luctu,
383 1756 463 1846 quid
476 1769 590 1846 ageret
601 1755 783 1846 ignoraret,
797 1756 1037 1822 Gundovaldus
1053 1781 1111 1824 rex
1121 1758 1256 1846 adprae-

131 1865 275 1928 hensum
296 1863 400 1929 filium
415 1861 485 1926 eius
502 1862 768 1941 Childebertum,
791 1861 974 1950 parvolum,
997 1862 1119 1927 furtum
1142 1865 1257 1928 abstu-

132 1965 174 2031 lit
192 1979 410 2055 ereptumque
435 1964 476 2029 ab
505 1963 691 2029 inminente
712 1977 835 2043 morte,
860 1964 1078 2054 collectisque
1099 1965 1257 2055 gentibus

87 2095 114 2134 15
133 2093 236 2157 super
255 2091 336 2158 quas
355 2081 451 2156 pater
465 2068 538 2131 eius
553 2091 693 2157 regnum
708 2079 874 2146 tenuerat,
892 2089 1005 2157 regem
1022 2067 1185 2148 instituit,
1204 2069 1258 2133 vix

132 2172 240 2237 lustro
269 2171 387 2236 aetatis
414 2194 482 2234 uno
504 2169 569 2233 iam
592 2182 740 2258 peracto.
783 2171 848 2252 Qui
874 2169 928 2234 die
952 2169 1112 2260 deminici
1137 2173 1256 2236 natalis

135 2299 275 2366 regnare
295 2275 418 2362 coepit.

179 2377 277 2442 Anno
301 2378 404 2466 igitur
437 2375 546 2464 primo
572 2377 667 2466 regni
692 2375 762 2440 eius
786 2374 997 2464 Chilpericus
1023 2397 1080 2440 rex
1109 2376 1255 2442 Parisius

133 2479 238 2557 venit,
256 2479 587 2568 adpraehensamque
602 2477 860 2542 Brunechildem
875 2478 962 2566 apud
976 2481 1255 2568 Hotomagensem

88 2609 119 2646 20
137 2581 304 2646 civitatem
328 2580 363 2645 in
383 2579 482 2645 exilio
508 2581 609 2644 trusit
629 2580 871 2669 thesauresque
894 2580 982 2661 eius,
1004 2580 1095 2670 quod
1109 2581 1255 2647 Parisius

136 2683 313 2761 detulerat,
328 2682 482 2761 abstulit,
502 2680 586 2745 filias
603 2705 681 2745 vero
698 2681 769 2746 eius
784 2682 935 2747 Meledus
948 2694 1064 2747 tenere
1078 2685 1252 2772 praecipit.

138 2788 231 2851 Tunc
249 2786 457 2853 Roccolenus
474 2808 548 2849 cum
569 2786 827 2850 Cenoma-unicis
843 2785 1097 2851 Toronusvenit
1114 2799 1147 2850 et
1164 2809 1254 2875 prae·

137 2889 197 2953 das
218 2889 286 2980 egit
303 2902 336 2954 et
351 2889 453 2953 multa
467 2887 594 2952 scelera
610 2888 698 2970 lecit,
720 2887 809 2976 quod
828 2885 863 2952 in
882 2901 1056 2977 sequente,
1079 2887 1221 2977 qualiter
1237 2913 1255 2950 a

136 2990 258 3056 virtute
276 2991 366 3057 beati
386 2989 521 3056 Martini
542 3014 602 3078 pro
624 2989 726 3054 tantis
752 2990 846 3054 malis
869 3015 954 3078 quae
978 2991 1085 3082 gessit
1106 2989 1253 3070 interiit,

92 3121 123 3158 ²5
140 3115 371 3160 memoramus.

184 3277 224 3340 Il.
246 3274 457 3364 Chilpericus
472 3295 550 3340 vero
569 3273 672 3338 filium
693 3297 788 3338 suum
803 3276 1045 3342 ,Merovechum
1068 3300 1143 3340 cum
1162 3299 1256 3342 exer-

141 3377 207 3444 citu
224 3381 385 3444 Pectavus
405 3375 532 3466 dirigit.
552 3377 595 3442 At
610 3376 683 3455 ille,
699 3376 849 3442 relictam
865 3377 1127 3460 ordinationem,
1151 3384 1256 3446 Turo-

140 3507 202 3546 nus
218 3479 327 3560 venit,
352 3478 467 3568 ibique
488 3491 521 3544 et
546 3492 680 3546 sanctos
701 3478 774 3544 dies
798 3481 942 3568 paschae
970 3483 1088 3547 tenuit.
1114 3482 1256 3548 Multum

141 3584 229 3649 enim
269 3581 441 3673 regionem
474 3581 564 3647 illam
598 3583 762 3648 exercitus
795 3583 866 3648 eius
896 3583 1046 3649 vastavit.
1080 3587 1155 3674 Ipse
1178 3611 1256 3652 vero

93 3687 300 3752 assimulans
327 3686 367 3750 ad
392 3698 530 3750 matrem
552 3709 644 3751 suam
664 3683 712 3750 ire
729 3685 832 3764 velle,
863 3687 1074 3778 Rothomago
1095 3689 1207 3777 petiit;
1226 3702 1259 3754 et

141 3789 187 3854 ibi
204 3787 450 3856 Brunechildae
469 3787 604 3878 reginae
616 3787 831 3878 coniungitur
844 3813 882 3854 ea
893 3814 1026 3879 quoque
1041 3789 1076 3855 in
1092 3791 1257 3857 matrimo-

140 3893 196 3959 nio
213 3890 362 3956 sociavit.
383 3894 471 3956 Haec
487 3890 500 3981 [Ι
522 3890 661 3956 audiens
681 3889 912 3979 Chilpericus,
930 3892 1019 3981 quod
1036 3894 1166 3959 scilicet
1177 3919 1258 3966 con·
1269 3899 1324 3949 Col.
1336 3899 1389 3945 2⁰2⁴

141 4007 189 4059 tra
211 3995 257 4059 fas
274 3993 451 4084 legemque
466 3992 661 4058 canonicam
673 4014 809 4058 uxorem
825 3993 934 4081 patrui
948 3994 1146 4083 accepisset,
1163 3997 1258 4062 valde

141 4121 270 4162 amarus
286 4095 377 4160 dicto
403 4095 501 4160 citius
519 4095 565 4162 ad,
579 4119 679 4183 supra
703 4108 919 4162 memoratum
945 4095 1106 4184 oppidum
1121 4097 1255 4190 diregit⁴

849 4245 1259 4264 ι--ῑ-ι--ι--ι--ηῆ

174 4319 196 4366 1.
216 4321 286 4367 Corr.
300 4313 490 4365 Bruneehildis.
