3256 5144
386 415 552 464 nrsronnn
570 414 771 464 raincoaun
788 415 885 464 tissa
902 418 924 463 v
1128 385 1129 390 ’
1174 420 1219 466 aas

91 556 158 619 que
187 533 297 620 ipsum
333 557 407 597 esse
439 531 601 620 Spiritum
632 545 801 614 sanctum,
828 533 885 621 qui
912 536 1011 598 Pater
1042 546 1075 598 et
1099 533 1215 600 Filius,

92 661 111 696 «
131 633 200 712 Sic,
224 633 359 724 inquid,
383 635 559 725 prophetis
586 657 623 698 ac
648 634 847 723 patriarchis
874 637 1043 724 apparuit,
1075 637 1123 702 sic
1144 661 1218 703 eum

92 735 166 824 ipsa
191 737 246 802 lex
268 736 446 802 nuntiavit.
472 763 489 799 n
513 738 663 824 Cumque
679 739 762 802 haec
787 735 868 802 mihi
888 737 1029 802 recitare
1045 737 1216 818 iussisset,

2 873 3 924 p
93 837 140 902 ait
162 865 169 902 :
192 865 209 900 a
229 838 303 918 Sic,
318 840 454 929 inquid,
469 839 562 917 volo,
584 850 617 902 et
634 850 670 902 tu
688 839 741 902 vel
759 839 880 927 reliqui
902 839 1058 904 doctores
1079 839 1218 905 eclesia·

64 962 166 1004 arum
185 941 340 1006 credatis.
360 966 377 1004 »
398 940 459 1006 Cui
472 965 535 1031 ego
547 940 707 1029 respondi
725 966 731 1003 :
751 966 769 1002 a
786 942 855 1005 Hac
873 940 1070 1007 credulitate
1088 942 1216 1021 relicta,

93 1039 148 1128 pie
173 1065 247 1122 rex,
272 1044 337 1108 hoo
358 1055 390 1107 te
410 1054 544 1131 oportet
569 1040 683 1130 sequi,
706 1041 796 1130 quod
821 1039 919 1107 nobis
946 1054 1024 1130 post
1046 1043 1217 1132 apostulos

92 1143 148 1208 alii
174 1145 331 1211 doctores
360 1143 502 1209 eclesiae
527 1143 755 1231 reliquerunt,
778 1140 792 1232 Η
812 1142 902 1231 qnod
932 1141 1077 1208 Hilarius
1117 1145 1374 1210 Ense-F01·7⁸v··

93 1245 235 1335 biusque
256 1247 462 1326 docueruut,
490 1245 579 1334 quod
610 1257 645 1309 et
671 1243 705 1308 iu
738 1244 904 1334 baptismo
928 1269 963 1308 es
991 1245 1175 1311 confessus.
1198 1272 1215 1308 n

92 1350 186 1412 Tunc
207 1348 312 1413 iratus
337 1373 394 1412 rex
416 1346 461 1411 ait
483 1373 489 1410 :
514 1346 764 1411 «Manifestum
792 1358 844 1410 est
869 1344 949 1410 mihi
973 1347 1008 1411 iu
1028 1347 1090 1411 hac
1119 1371 1218 1412 causa

53 1471 77 1509 n
92 1448 254 1515 Hilarium
273 1448 520 1537 Eusebiumque
540 1448 669 1513 validos
690 1446 845 1514 inimicos
872 1448 1009 1514 habere.
1035 1474 1050 1509 a
1073 1448 1135 1514 Cui
1155 1473 1217 1540 ego

94 1551 283 1640 respondi:
311 1579 328 1614 a
354 1554 539 1617 Observare
565 1548 740 1629 convenit,
768 1573 879 1638 neque
904 1549 1085 1614 Dominum
1109 1574 1218 1640 neque

96 1667 230 1719 sanctos
253 1654 325 1720 eius
351 1655 475 1718 habere
502 1653 659 1718 offensos.
691 1654 773 1718 Nam
796 1650 899 1730 scias,
921 1650 997 1738 quia
1017 1652 1051 1716 in
1074 1675 1218 1739 persona

94 1755 191 1821 aliter
223 1760 331 1838 Pater,
364 1755 461 1822 aliter
488 1755 610 1834 Filius,
646 1753 743 1819 aliter
781 1752 927 1842 Spiritus
959 1751 1104 1820 sauctus.
1142 1757 1217 1820 Non

93 1861 191 1923 Pater
207 1881 341 1923 carnem
357 1857 544 1947 adsumpsit
555 1881 664 1947 neque
680 1855 826 1945 Spiritus
845 1867 1000 1935 sanctus,
1019 1856 1077 1920 sed
1098 1855 1215 1934 Filius,

53 1983 77 2021 15
93 1972 140 2038 ut,
158 1959 216 2049 qui
235 1973 307 2024 erat
325 1959 387 2025 Dei
403 1959 507 2038 filius,
523 1958 595 2047 ipse
616 1959 657 2022 ad
678 1957 943 2046 redemptionem
959 1955 1106 2022 hominis
1129 1957 1223 2023 filius·

93 2063 275 2126 haberetur
302 2074 335 2126 et
357 2060 509 2152 virginis.
538 2062 613 2126 Non
645 2063 745 2124 Pater
773 2083 891 2148 passus
927 2083 1036 2147 neque
1070 2058 1217 2148 Spiritus

93 2175 247 2242 sanctus,
275 2163 333 2228 sed
350 2163 472 2240 Filius,
485 2173 537 2240 ut,
557 2160 613 2251 qui
627 2184 759 2226 carnem
776 2161 1008 2248 adsumpserat
1026 2162 1059 2225 in
1076 2161 1225 2239 mundo,·

93 2264 165 2353 ipse
191 2264 389 2330 offereretur
415 2288 476 2352 pro
506 2263 642 2328 mundo.
675 2265 724 2326 De
748 2261 1009 2350 personisvero
1040 2262 1130 2351 quod
1169 2261 1217 2325 ais

93 2391 160 2432 non
194 2367 424 2456 corporaliter,
456 2366 515 2431 sed
544 2364 752 2455 spiritaliter,
783 2363 995 2428 sentiendum
1023 2375 1084 2428 est.
1109 2365 1145 2428 ln
1163 2362 1217 2427 his
1306 2407 1307 2412 κ

48 2491 170 2558 mergo
211 2469 319 2534 tribus
358 2466 512 2556 personis
544 2491 610 2530 una
646 2466 771 2556 gloria,
811 2488 878 2529 una
910 2464 1109 2544 aeternitas,
1151 2487 1217 2528 una

91 2585 252 2660 potestas.
279 2598 295 2632 a
321 2570 364 2635 At
389 2570 446 2635 ille
475 2581 660 2633 commotus
687 2566 733 2631 ait
759 2591 765 2630 ε
794 2593 810 2628 a
838 2564 1110 2654 sapientioribus
1135 2589 1153 2629 a
1184 2577 1217 2630 te

91 2675 173 2738 haec
192 2673 352 2761 pandam,
371 2671 428 2760 qui
446 2668 528 2733 mihi
548 2667 771 2734 consentiant.
793 2669 868 2732 »Et
890 2691 973 2756 ego:
995 2669 1218 2755 «Numquam

92 2774 155 2838 erit
181 2775 332 2862 sapiens,
362 2773 421 2836 sed
451 2771 589 2849 stultus,
619 2771 676 2858 qui
701 2772 784 2835 haec
814 2793 898 2857 quae
923 2791 1093 2855 propones
1123 2769 1217 2856 sequi

90 2873 244 2939 voluerit.
268 2899 285 2935 »
307 2873 357 2938 Ad
378 2874 460 2938 haec
481 2872 537 2936 ille
568 2868 753 2959 frenlldens,
777 2869 879 2933 siluit.
900 2871 974 2934 Non
995 2881 1071 2956 post
1096 2868 1349 2932 multos-comte.

50 2998 169 3040 asvero
196 2973 269 3039 dies
288 2973 469 3038 adveniens
497 2970 609 3037 Salvio
638 2969 809 3034 Albiensis
843 2968 1041 3058 episcopus,
1069 2969 1152 3033 haec
1187 2969 1217 3032 ei

91 3075 256 3165 praecipit
276 3075 457 3154 recensire,
479 3073 678 3161 dipraecans
699 3083 741 3144 ut¹
759 3069 823 3134 sibi
844 3082 1090 3134 consentaneus
1109 3069 1213 3136 fieret.

91 3178 189 3260 Quod
205 3179 288 3242 haec
302 3176 358 3240 ille
378 3175 532 3256 audiens,
552 3176 599 3238 ita
619 3171 765 3261 respuit,
787 3184 842 3250 ut,
862 3170 890 3235 si
914 3172 1079 3248 cartham,
1099 3168 1217 3259 inqua

90 3280 173 3344 haec
201 3277 326 3342 scribta
360 3278 574 3356 tenebantur,
602 3276 768 3364 potuisset
795 3271 979 3361 attingere,
1005 3270 1040 3334 in
1071 3270 1214 3335 frustra¹

90 3380 299 3468 decerperet.
325 3383 367 3444 Et
389 3377 436 3443 sic
461 3403 519 3444 rex
541 3379 582 3442 ab
604 3378 667 3441 hac
690 3363 878 3440 intentione
906 3371 1041 3462 quievit.
1071 3371 1217 3460 Scripsit

49 3507 74 3544 aa
89 3481 172 3546 alios
188 3480 294 3545 libros
313 3481 402 3546 idem
421 3505 478 3544 rex
495 3478 666 3559 versibus,
685 3477 779 3565 quasi
797 3474 964 3541 Sidulium
985 3470 1139 3551 secutus3
1157 3473 1215 3535 sed

88 3581 246 3648 versiculi
279 3579 327 3646 illi
355 3582 446 3648 nulla
470 3582 624 3671 paenitus
651 3577 808 3643 metricae
836 3574 1042 3641 conveniunt
1072 3573 1212 3652 ratione.

87 3682 194 3749 Addit
222 3695 332 3748 autem
363 3696 396 3747 et
423 3681 552 3748 litteras
578 3680 701 3745 litteris
742 3679 883 3757 nostris,
914 3676 949 3742 id
977 3688 1029 3739 est
1056 3705 1097 3753 ω,
1130 3673 1217 3738 sicut

89 3783 210 3851 Graeci
234 3786 376 3863 habent,
399 3809 448 3862 aa,
470 3786 540 3862 the,
568 3781 638 3862 uni,
658 3805 798 3868 quarum
818 3780 1027 3844 characteres
1046 3775 1094 3842 hii
1108 3787 1186 3840 sunt
1206 3801 1213 3839 :

88 3909 128 3958 ω,
146 3901 186 3964 tp,
206 3891 239 3958 Ζ,
258 3892 291 3948 Δ.
312 3889 353 3952 Et
375 3886 466 3952 misit
485 3883 646 3974 epistolas
667 3881 701 3946 in
722 3879 887 3946 universis
907 3877 1099 3944 civitatibus
1120 3877 1214 3966 regni

44 4017 70 4054 ss
86 3989 157 4069 sni,
188 4001 224 4052 ut
252 3990 299 4052 sic
325 3989 421 4076 pueri
455 3987 669 4063 docerentur,
697 4007 734 4048 ac
761 3983 838 4047 libri
866 3979 1051 4067 antiquitus
1077 3977 1212 4054 scribti,

86 4089 213 4182 planati
231 4089 383 4178 pumicare
404 4089 692 4154 rescriberentur.¹

117 4286 139 4332 7.
160 4285 232 4330 Corr.
248 4284 339 4330 frusta.
