3256 5144
374 461 428 510 156'
663 465 820 514 GRllGOltlI
837 463 1045 512 TURONENSIS
1062 461 1211 511 EPISCOPl

372 605 456 669 puer
474 580 544 645 eius
565 580 708 647 advenit.
733 583 882 671 Cumque
898 604 1035 669 parvum
1048 579 1207 646 solatium
1228 580 1371 668 quicum
1391 582 1490 645 duce-

372 683 453 748 bant
472 683 652 761 haberent,
684 683 819 773 abipso
844 682 983 750 Guileno
1013 681 1047 747 in
1080 682 1206 748 itenere
1231 707 1389 748 excussus
1418 697 1490 762 est,

372 798 556 874 opertoque
577 787 685 875 capite
709 785 913 876 indutusque
934 798 1026 850 veste
1046 784 1224 866 saeculari,
1249 785 1337 850 beati
1355 787 1491 852 Martini

371 886 531 975 templum
553 887 702 977 expetiit.
732 888 837 954 Nobis
863 887 963 966 missa
987 886 1253 966 celebrantibus,
1284 887 1318 952 in
1342 901 1490 954 sanctam

371 987 555 1070 basilicam,
572 1004 685 1080 aperta
705 989 900 1083 repperiens
917 991 1013 1070 ostia,
1027 991 1199 1080 ingressus
1216 1001 1275 1055 est.
1294 993 1374 1055 Post
1389 991 1490 1056 missa
1507 1020 1521 1056 a

371 1105 480 1158 autem
504 1091 619 1182 petiit,
643 1106 681 1158 ut
701 1093 730 1158 ei
755 1092 904 1182 eulogias
926 1093 1006 1156 dare
1030 1091 1239 1158 deberemus.
1274 1095 1353 1158 Erat
1381 1105 1491 1159 autem

370 1208 450 1260 tuno
470 1195 646 1262 nobiscum
665 1196 900 1287 Ragnemodus
919 1195 1105 1260 Parisiacae
1124 1194 1212 1260 sedis
1230 1195 1422 1283 episcopus,
1434 1195 1490 1284 qui

237 1304 290 1354 Col·
304 1305 357 1353 215.
370 1308 485 1360 sancto
503 1299 670 1364 Germano
690 1309 907 1363 successerat.
935 1295 1032 1380 Quod
1054 1319 1127 1360 cum
1148 1295 1391 1386 refutallremus,
1419 1296 1490 1385 ipse

370 1399 512 1464 clamare
538 1402 650 1488 coepit
668 1413 701 1464 et
721 1400 853 1479 dicere,
876 1399 965 1488 quod
986 1423 1053 1462 non
1080 1411 1170 1463 recte
1195 1421 1270 1462 eum
1299 1423 1316 1462 a
1342 1422 1490 1464 commu-

370 1501 470 1566 nione
493 1503 565 1566 sine
587 1503 724 1567 fratrum
753 1501 947 1568 eonibentia
975 1501 1267 1590 suspenderemus.
1299 1501 1360 1567 lllo
1381 1518 1489 1568 autem
1508 1532 1535 1568 to

370 1606 452 1669 haec
467 1604 613 1685 dicente,
636 1631 710 1670 cum
731 1629 897 1671 consensu
917 1604 1028 1668 fratris
1047 1603 1105 1693 qui
1126 1628 1286 1693 praesens
1304 1620 1392 1687 erat,
1408 1631 1488 1671 cou-

369 1719 522 1772 testatam
541 1732 671 1773 eausam
688 1708 894 1788 canonicam,
918 1706 1066 1799 eulogias
1089 1707 1220 1772 anobis
1238 1707 1377 1798 accepit.
1399 1710 1491 1776 Veri-

368 1823 422 1875 tus
440 1824 549 1875 autem
566 1835 650 1890 sum,
664 1837 718 1891 ne,
732 1812 811 1876 dum
828 1835 960 1875 nnuma
977 1810 1212 1876 communione
1228 1810 1488 1899 suspendebam,

369 1912 404 1978 in
425 1912 546 1977 multos
558 1911 752 1978 exsisterem
770 1912 984 1978 homicidam.
1003 1912 1194 1978 Minabatur
1205 1914 1293 1976 enim
1309 1912 1437 2002 aliquos
1448 1915 1491 1980 de

369 2015 494 2105 populo
515 2028 630 2080 nostro
649 2015 857 2095 interficere,
879 2015 906 2080 si
927 2015 1195 2080 communionem
1215 2027 1405 2080 nostrorum
1422 2041 1491 2112 non
1509 2044 1535 2082 m
1626 2061 1627 2118 3

370 2116 556 2181 meruisset.
580 2117 701 2183 Multas
722 2130 832 2183 tamen
850 2142 911 2207 pro
930 2119 992 2183 hac
1010 2142 1107 2182 causa
1124 2117 1288 2184 Toronioa
1305 2117 1398 2208 regio
1418 2143 1492 2184 sus-

369 2220 478 2286 tenuit
491 2221 613 2286 clades.
633 2221 691 2286 His
703 2221 822 2287 diebus
835 2220 1003 2302 Nicecius,
1014 2223 1064 2286 vir
1080 2223 1191 2310 neptis
1203 2245 1308 2301 meae,
1322 2221 1491 2312 propriam

370 2324 497 2390 habens
516 2348 667 2402 causam,
691 2324 732 2388 ad
759 2323 986 2414 Chilpericum
1014 2348 1126 2413 regem
1147 2322 1228 2387 abiit
1249 2347 1323 2388 cum
1349 2324 1492 2390 diacono

371 2438 502 2507 nostro,
522 2425 578 2514 qui
603 2425 674 2516 regi
697 2425 774 2516 fuga
795 2438 955 2490 narraret.
982 2425 1110 2510 Quibus
1131 2425 1230 2505 visis,
1258 2425 1492 2516 Fredegundis

371 2529 484 2617 regina
510 2527 555 2592 ait
581 2555 587 2592 :
613 2555 629 2591 r<
661 2528 896 2618 Exploratores
922 2540 956 2592 ct
982 2528 1023 2592 ad
1044 2527 1282 2592 sciscitandum
1316 2527 1396 2616 quid
1417 2543 1543 2619 agateo

272 2656 275 2661 ·
370 2657 427 2698 rex
446 2632 662 2710 advenerunt,
684 2643 722 2696 ut
741 2631 860 2711 sciant,
883 2631 964 2721 quid
981 2632 1180 2695 Merovccho
1196 2629 1402 2695 renuntient.
1420 2635 1493 2697 »Et

371 2735 482 2798 statim
502 2732 677 2822 expoliatis
694 2734 729 2797 in
752 2733 850 2798 exilio
873 2732 999 2798 retrudi
1017 2730 1199 2821 praecipit;
1224 2733 1265 2796 de
1288 2756 1355 2820 quo
1377 2758 1493 2800 mense

371 2835 513 2924 septimo
535 2833 672 2900 relaxati
694 2848 781 2899 sunt.

414 3019 501 3086 Vlll.
526 3017 632 3108 Igitur
651 3016 862 3106 Chilpericus
883 3017 1018 3082 nuntios
1041 3016 1081 3081 ad
1102 3041 1162 3082 nos
1182 3017 1321 3095 direxit,
1342 3017 1459 3084 dicens
1483 3047 1491 3085 :

372 3145 389 3181 n
401 3118 508 3184 Eicite
529 3131 713 3208 apostatam
730 3118 821 3185 illam
841 3118 883 3184 de
901 3117 1057 3194 basilica;
1078 3119 1129 3182 sin
1148 3131 1257 3184 autem
1269 3119 1371 3199 aliud,
1382 3133 1488 3186 totam
1505 3151 1540 3189 as
1626 3131 1627 3202 ζ

371 3220 543 3311 regionem
571 3219 661 3286 illam
683 3221 761 3311 igne
782 3222 993 3286 succendam.
1023 3247 1039 3282 n
1065 3223 1215 3310 Cumque
1238 3246 1299 3286 nos
1318 3222 1495 3311 rescripsi·
1626 3243 1627 3308 p

370 3346 462 3402 mus,
491 3322 690 3412 inpossibile
712 3348 805 3401 esse,
836 3323 926 3411 quod
944 3321 1152 3411 temporibus
1181 3321 1406 3388 hereticorum
1423 3349 1494 3390 non
1626 3323 1627 3408 l

252 3445 306 3493 For.
320 3446 358 3494 ca.
370 3425 477 3490 fuerat
499 3424 513 3515 Η
539 3424 729 3492 christianis
749 3449 838 3492 nunc
859 3425 1067 3515 temporibus
1094 3424 1186 3506 fieri,
1207 3425 1281 3514 ipse
1308 3425 1494 3492 exercitum
1626 3417 1627 3436 ¹

371 3526 549 3593 commovit
563 3540 597 3594 et
613 3527 693 3593 illuc
707 3527 833 3619 dirigit.

414 3630 511 3694 Anno
543 3643 652 3695 autem
679 3631 827 3696 secundo
854 3629 1086 3696 Childeberthi
1115 3630 1221 3721 regis,
1260 3655 1333 3695 cum
1359 3631 1492 3700 videret
1507 3661 1540 3699 ao
1626 3611 1627 3656 ἶ

370 3734 588 3798 Merovechus
599 3745 728 3822 patrem
738 3734 773 3798 in
786 3734 848 3799 buc
865 3732 1107 3798 deliberatione
1120 3732 1298 3813 intentum,
1310 3734 1493 3824 adsumpto

371 3858 482 3900 secum
515 3835 802 3900 Guntohramnum
831 3836 965 3914 ducem,
1000 3835 1040 3900 ad
1061 3835 1321 3900 Brunccbildem
1348 3861 1492 3926 pergere

370 3937 507 4027 cogitat,
529 3937 645 4004 dicens
667 3965 673 4002 :
695 3938 840 4016 «Absit,
862 3951 898 4003 nt
914 3951 1053 4027 propter
1072 3961 1178 4002 meam
1202 3961 1379 4026 personam
1400 3939 1492 4005 basi·
1626 3993 1627 4034 ,

370 4039 434 4105 lica
453 4040 568 4105 domni
579 4039 714 4105 Martini
733 4039 924 4105 violentiam
944 4042 1100 4130 perferat,
1115 4052 1148 4104 et
1167 4040 1260 4130 regio
1280 4039 1351 4106 eius
1362 4065 1423 4130 per
1438 4067 1492 4107 me

371 4142 559 4232 captivitate
581 4143 752 4208 subdatur.
777 4168 793 4204 a
813 4145 855 4208 Et
874 4142 1045 4232 ingressus
1063 4142 1247 4223 basilicam,
1263 4143 1342 4207 dum
1358 4142 1491 4233 vigilias
1506 4174 1540 4214 aa
1626 4207 1627 4234 ,

370 4257 495 4336 ageret,
512 4269 564 4310 res
584 4269 665 4335 quas
678 4269 789 4311 secum
807 4244 953 4310 habebat
968 4244 1009 4310 ad
1021 4245 1334 4334 sepulchrumbeati
1352 4246 1489 4311 Martini

371 4345 534 4428 exhibuit,
554 4371 669 4426 orans,
690 4359 727 4412 ut
748 4347 811 4412 sibi
831 4359 965 4412 sanctus
985 4361 1176 4413 occurreret
1193 4359 1292 4436 atque
1318 4347 1346 4412 ei
1371 4372 1491 4414 eonce-
