3220 5158
389 447 553 498 HISTORIAE
571 445 772 497 FRANCORUM
789 446 885 496 LIBER
902 447 935 494 11.
1195 453 1225 498 45

109 568 214 645 initis,
247 569 428 628 inmensum
462 588 501 627 ea
534 577 723 654 tempestate
750 568 928 627 exercitum
950 566 1102 652 gentibus
1129 570 1224 657 feriis

108 680 297 730 ostentaret.
331 669 419 730 Haec
448 665 694 755 suprascriptus
723 662 992 753 historiograffus
1016 667 1059 730 de
1086 667 1224 734 Francis

108 767 267 833 exseruit.

154 872 302 936 Renatus
319 870 515 936 Profuturus
535 869 728 960 Frigeridus
740 870 794 933 cui
805 868 869 932 iam
882 893 981 957 supra
995 870 1221 955 meminimus,

83 998 185 1039 scum
216 975 354 1039 Romam
385 972 487 1037 refert
514 997 532 1036 a
563 971 683 1038 Gothis
721 983 851 1060 captam
878 982 975 1061 atque
1001 971 1343 1066 subverflsam,00l.et.

108 1076 155 1142 ait
184 1100 191 1139 ε
217 1077 350 1140 Interea
392 1075 588 1164 Respondial
620 1099 680 1139 rea
717 1073 1000 1154 Alamannorum,
1037 1075 1146 1140 Goane
1182 1079 1227 1143 ad

108 1181 275 1243 Romanos
298 1193 525 1268 transgressa,
548 1179 587 1242 cie
607 1178 720 1242 libano
742 1201 859 1266 agmen
885 1199 1020 1241 suoram
1049 1187 1222 1265 convertit,

114 1281 287 1349 Wandalis
314 1283 531 1359 Francorum,
558 1280 639 1345 bello
668 1280 913 1366 laborantibus,
939 1279 1125 1370 Godegisilo
1151 1309 1227 1374 rege

109 1386 300 1474 absunmto,
320 1389 414 1448 aciae
427 1388 541 1472 uiginti
551 1385 656 1473 ferme
669 1383 800 1447 milibus
812 1383 904 1472 ferm
914 1389 1111 1472 peremptis,
1132 1411 1226 1450 cunc·

71 1512 94 1552 ιο
110 1493 150 1552 tis
184 1485 422 1553 Wandalorum
454 1486 500 1550 ad
529 1489 772 1549 internicionem
809 1483 969 1568 delendis,
1004 1490 1070 1550 nisi
1100 1485 1231 1554 Alana-

111 1613 185 1653 rum
206 1594 252 1652 vis
264 1594 296 1651 in
308 1602 449 1676 tempore
468 1587 678 1653 subvenisset.
699 1589 811 1652 Movet
826 1610 887 1650 uos
907 1588 989 1651 haec
1009 1611 1122 1669 eausa,
1137 1592 1227 1679 quod

110 1715 185 1756 cum
205 1689 342 1756 aliarum
361 1690 512 1781 gentium
529 1714 625 1780 reges
642 1689 809 1769 nominat,
830 1700 864 1754 et
880 1691 1096 1771 Francorum,
1117 1705 1227 1760 tamen

110 1817 185 1858 cum
204 1792 261 1872 ait,
284 1792 374 1882 quod
394 1792 646 1872 Constantinus,
663 1794 837 1881 adsumpta
857 1792 1045 1881 tyrannide,
1067 1791 1228 1862 Constan-

109 1895 192 1960 tium
206 1895 310 1960 filium
324 1893 411 1959 adse
427 1895 468 1959 de
478 1893 647 1984 Hispaniis
659 1894 773 1960 venire
783 1893 948 1975 iussisset,
957 1895 1001 1960 ita
1013 1896 1191 1964 disseruit:
1206 1899 1219 1990 Η

69 2024 96 2063 15
109 1999 222 2063 Accito
252 1998 484 2063 Constantinus
504 2012 667 2085 tyrannus
690 1998 729 2061 de
753 1999 922 2086 Hispaniis
951 1999 1125 2065 Constante
1157 2001 1382 2088 fili⁰F01.20v⁰.

111 2110 250 2192 itemque
269 2116 429 2188 tyranno,
450 2125 577 2191 quoque
600 2125 726 2164 summo
750 2125 860 2164 rerum
884 2101 1109 2167 consultarent
1126 2130 1227 2193 prae-

110 2219 233 2285 sentes;
255 2229 319 2294 quo
339 2206 466 2295 factum
492 2218 555 2283 est,
578 2217 614 2266 ut
637 2204 813 2283 Constans,
837 2209 1052 2270 instrumento
1076 2207 1175 2271 aulae
1198 2223 1229 2272 et

111 2312 245 2396 coniugi
259 2331 322 2370 sua
342 2306 632 2396 Caesaraugustae
647 2307 814 2384 demissis,
834 2305 989 2370 Gerontio
1004 2313 1094 2372 intra
1109 2311 1227 2400 Hispa-

112 2415 185 2473 nias
207 2409 357 2473 omnibus
375 2410 521 2490 creditis,
546 2409 592 2472 ad
607 2421 737 2496 patrem
757 2412 945 2472 continuato
968 2415 1087 2474 itenere
1115 2412 1228 2478 decur-

71 2538 98 2577 ro
113 2525 210 2577 reret.
233 2511 300 2598 Qui
320 2512 376 2576 ubi
393 2516 425 2576 in
447 2535 546 2575 unum
572 2515 697 2589 venire,
724 2514 899 2574 interiectis
921 2511 1034 2575 diebus
1053 2514 1226 2601 plurimis,

113 2615 223 2679 nullus
242 2638 283 2678 ea
305 2615 406 2678 Italia
426 2628 530 2695 metu,
554 2615 787 2680 Constantinus
803 2613 904 2701 galae
923 2626 953 2675 et
975 2628 1083 2679 ventre
1103 2617 1229 2683 deditus

112 2718 220 2781 redire
249 2717 295 2779 ad
313 2716 507 2804 Hispaniam
524 2716 630 2802 pilium
654 2728 772 2779 monet.
802 2714 886 2800 Qui,
907 2721 1103 2804 praemissis
1127 2725 1229 2808 agmi-

113 2822 227 2900 nibus,
256 2819 333 2883 dum
351 2842 423 2882 cum
448 2825 541 2907 patri
563 2820 741 2897 resederet,
763 2818 805 2880 ab
833 2817 997 2906 Hispania
1021 2826 1135 2885 nuncii
1152 2847 1228 2886 con-

113 2935 243 3000 meant,
260 2944 282 2983 o
298 2919 451 2984 Gerontio
466 2921 650 2984 Maximum
673 2943 772 2982 anum
791 2944 807 2981 e
826 2918 996 2983 clientibus
1011 2926 1080 2985 suis
1095 2927 1230 3012 imperio

73 3051 99 3090 25
109 3023 298 3116 praeditum
314 3035 412 3111 atquc
428 3027 461 3085 in
470 3048 529 3087 suo
541 3025 697 3086 comitatu
706 3025 854 3110 gentium
867 3022 1090 3087 barbararum
1105 3032 1229 3090 accine-

113 3143 180 3192 tum
197 3131 329 3217 parari.
359 3125 431 3211 Quo
448 3131 613 3206 eaterriti,
640 3126 809 3190 Edobecco
837 3126 882 3189 ad
904 3125 1102 3191 Germanias
1117 3145 1230 3218 gentes

109 3233 313 3321 praemisso,
334 3227 494 3292 Constans
512 3242 542 3291 et
552 3230 748 3319 praefectus
764 3232 831 3290 iant
849 3228 1003 3292 Decimus
1017 3231 1171 3296 Rusticus
1190 3257 1231 3296 ea

114 3332 300 3424 officiorum
334 3335 567 3418 magistrorum
593 3343 710 3420 petunt
746 3330 999 3409 Gallias,·cum
1026 3333 1183 3398 Francis
1202 3349 1232 3398 et

113 3436 311 3501 Alamannis
344 3440 495 3524 omnique
519 3434 657 3498 militum
687 3457 787 3496 manu
813 3434 859 3496 ad
888 3433 1137 3500 Constantinum
1165 3443 1230 3502 iam

75 3563 101 3603 su
115 3545 245 3628 iamque
264 3535 400 3601 reditur.
425 3539 508 3600 Item
527 3560 601 3600 cum
625 3533 882 3600 Constantinum
908 3537 1070 3601 obsedere
1095 3537 1229 3620 scribit,

115 3642 157 3706 ita
183 3637 267 3704 dicit
293 3665 299 3702 :
331 3640 491 3706 Vixdum
515 3654 660 3728 quartus
684 3639 861 3703 obsidionis
887 3639 1095 3704 Constantini
1113 3649 1232 3707 mensis

115 3743 289 3832 agebatur,
315 3765 387 3805 cum
406 3747 531 3830 repenti
554 3766 595 3805 esc
622 3741 776 3805 ulteriore
804 3740 916 3804 Gallia
947 3748 1061 3806 nuncii
1082 3750 1229 3824 veniunt,

115 3846 262 3910 Iovinum
286 3844 505 3932 adsumpsisse
531 3858 666 3907 ornatos
686 3848 792 3931 regias
820 3856 850 3905 et
874 3867 946 3906 cum
971 3845 1295 3937 Burgundtossnt-cu.
1309 3869 1347 3916 ea,

116 3947 187 4026 bus,
207 3942 416 4024 Alamannis,
438 3947 596 4026 Francis,
616 3943 735 4010 Alanis
753 3950 905 4035 omnique
925 3951 1069 4010 exercitu
1087 3953 1234 4012 inminiri

75 4078 101 4118 35
114 4048 345 4112 obsidentibus.
370 4048 422 4110 lta
442 4047 642 4112 adceleratis
668 4047 811 4126 morts1,
833 4063 983 4112 reserata
1006 4051 1104 4130 urbe,
1131 4051 1231 4116 Cons-

115 4154 263 4215 tantinus
279 4151 455 4239 egreditur.
478 4151 718 4241 Confestimque
736 4151 781 4214 ad
797 4150 930 4215 Italiam
947 4154 1108 4233 directas,
1125 4159 1232 4219 missis

147 4363 169 4412 1.
188 4368 257 4414 Gerr.
271 4367 361 4414 muris.
