3256 5144
459 413 623 464 HISTORIAE
641 411 842 462 FRANGORUM
858 412 955 461 LIBER
973 413 1005 460 vl
1254 416 1299 462 225

174 531 215 594 de
230 553 358 619 poena,
375 544 471 595 vocat
486 531 573 595 adse
589 531 766 610 lectorem,
780 529 896 594 dicens
917 555 924 592 ε
946 555 963 591 ι(
982 529 1044 593 Dic
1065 529 1202 594 domino
1218 555 1291 596 meo

173 634 261 723 regi,
280 632 356 722 quia
374 633 458 700 nihil
476 634 561 698 male
578 633 685 699 sentio
708 634 749 698 de
773 632 825 697 his
846 657 931 722 quae
945 631 1048 696 inlata
1069 645 1146 698 sunt
1161 633 1254 699 mihi.
1275 661 1291 695 r>

174 733 231 800 His
257 735 380 800 auditis
403 760 485 801 rex:
516 764 533 800 ι(
554 739 720 804 Verumne
743 747 812 815 cst,
833 735 969 824 inquid,
989 736 1079 800 hunc
1099 761 1172 800 esse
1191 736 1293 800 malc-

174 837 291 918 ficum,
311 837 395 902 side
415 838 467 904 his
483 838 567 904 nihil
589 851 640 903 est
655 839 763 904 laesus
783 837 922 926 poenis?
940 863 957 900 a
980 839 1073 902 Tunc
1093 851 1294 903 extensuma

147 967 160 1006 5
174 942 337 1022 trocleas,
355 953 421 1005 tam
439 941 497 1006 diu
515 942 595 1006 loris
607 941 795 1030 triplicibus
814 965 930 1005 caesus
944 952 1011 1020 est,
1031 964 1205 1030 quousque
1220 941 1293 1032 ipse

170 1044 374 1108 lassarentur
414 1056 578 1123 tortorcs;
618 1045 780 1132 posthaec
824 1041 915 1107 sudis
961 1041 1094 1132 ungulis
1137 1065 1293 1109 manuum

170 1146 359 1236 pedumque
377 1144 544 1236 diffigunt.
567 1149 717 1235 Cumque
742 1145 775 1209 in
800 1147 864 1210 hoc
887 1168 985 1209 causa
1007 1157 1173 1234 ageretur,
1196 1159 1232 1212 ut
1252 1147 1292 1211 ad

170 1249 390 1314 decidendam
408 1250 573 1314 cervicem
595 1251 665 1314 eius
689 1248 821 1339 gladius
843 1246 1040 1326 inmineret,
1058 1246 1173 1336 regina
1192 1250 1292 1314 vitam

169 1351 338 1433 obtenuit3
366 1351 425 1416 sed
453 1377 520 1416 non
546 1351 608 1416 fuit
634 1350 744 1415 minor
772 1349 871 1414 morti
896 1347 1067 1415 humilitas
1100 1351 1288 1417 subsecuta.

127 1479 153 1519 ro
168 1457 250 1522 Nam
267 1454 434 1540 inpositus
453 1455 622 1543 plaustro,
646 1453 685 1518 ad
709 1453 993 1544 Burdegalensem
1011 1452 1145 1533 urbem,
1169 1452 1204 1517 in
1227 1479 1292 1543 qua

168 1571 259 1624 ortus
279 1557 405 1638 fuerat,
429 1558 538 1622 ablata
557 1556 571 1650 Η
593 1559 683 1623 omni
702 1558 877 1638 facultate,
901 1555 1157 1636 transmittitur3
1175 1558 1210 1621 in
1238 1559 1290 1623 via
1303 1585 1357 1632 (301.
1371 1585 1424 1634 311,

166 1685 244 1726 vero
263 1660 407 1726 ictuatus
427 1661 607 1753 sangnine,
629 1661 683 1725 vix
703 1660 862 1726 accedere
885 1683 951 1748 quo
971 1658 1080 1723 iussus
1104 1671 1155 1722 est
1172 1661 1285 1727 valuit.

168 1763 234 1828 Sed
258 1787 325 1827 non
348 1775 425 1853 post
444 1764 584 1830 multum
605 1777 736 1853 tempus
764 1764 916 1852 spiritum
938 1760 1089 1854 exalavit.
1110 1764 1191 1826 Post
1206 1764 1288 1828 haec

168 1865 294 1956 regina,
315 1867 545 1955 adpraehenso
559 1867 689 1957 pueroli
700 1868 870 1947 thesauro,
892 1880 958 1930 tam
975 1865 1174 1929 vestimenta
1189 1891 1287 1955 quarn

125 1997 151 2034 15
166 1969 310 2058 reliquas
331 1972 472 2059 species,
487 1971 539 2036 vcl
558 1970 679 2059 syrico,
696 1983 751 2035 aut
765 1993 976 2059 quocumque
995 1968 1118 2031 vellere
1136 1967 1287 2034 invenire

164 2071 289 2158 potuit,
323 2067 402 2162 igne
434 2073 661 2163 consumpsit3
697 2074 787 2163 quod
818 2073 929 2136 ferunt
955 2082 1113 2160 quattuor
1139 2072 1287 2160 plaustra

163 2172 301 2238 levasse.
325 2173 450 2240 Aurum
466 2201 545 2242 vero
562 2176 613 2241 vel
637 2188 811 2266 argentum
832 2175 966 2239 fornace
986 2172 1166 2238 conflatum
1187 2197 1285 2263 repo-

164 2275 246 2357 suit,
266 2301 308 2342 ne
328 2278 453 2368 aliquid
473 2278 641 2370 integrum
658 2290 863 2357 remaneret,
886 2276 975 2365 quod
994 2277 1024 2340 ei
1040 2277 1211 2364 planctum
1237 2277 1284 2341 fili

163 2403 355 2446 memoriam
373 2395 553 2447 revocaret.

118 2590 145 2628 ao
191 2575 228 2622 36.
246 2577 383 2624 Aetherius
394 2593 455 2626 vero
468 2577 601 2625 Lixoensis
612 2577 764 2640 episcopus,
779 2575 820 2622 cui
834 2589 915 2636 supra
928 2572 1107 2630 meminimus,
1122 2573 1171 2620 hoc
1190 2573 1279 2622 ordine

159 2653 175 2684 a
184 2637 289 2686 civitate
303 2655 350 2687 sua
361 2641 403 2688 vel
416 2641 539 2704 expulsus
553 2647 592 2688 est
604 2639 645 2687 vel
658 2645 787 2701 receptus.
807 2637 922 2684 Clericus
936 2635 1042 2699 quidam
1055 2635 1140 2682 extitit
1156 2651 1187 2682 ex
1203 2636 1280 2684 Cino—

159 2701 280 2748 mannica
292 2703 364 2759 urbe,
378 2703 527 2751 luxuriosus
540 2703 618 2750 nimis
628 2707 779 2764 amatorque
787 2700 927 2746 mulierum
936 2705 962 2746 et
974 2697 1088 2760 gulacac
1102 2699 1280 2746 fornicationis

158 2763 280 2826 omnique
290 2764 471 2813 immunditiae
483 2765 559 2814 valde
571 2764 684 2812 deditus.
698 2763 744 2811 Hic
760 2762 864 2810 mulieri
881 2761 985 2808 cuidam
998 2761 1103 2822 saepius
1115 2769 1200 2808 scorto
1213 2779 1282 2810 com·

158 2825 263 2885 mixtus,
275 2843 376 2876 comam
386 2829 480 2891 capitis
492 2828 613 2885 totondit,
625 2832 775 2889 mutatoque
785 2825 855 2873 virili
866 2824 965 2882 habitu,
978 2839 1066 2871 secum
1075 2824 1102 2868 in
1115 2824 1168 2871 alia
1177 2825 1281 2872 civitate

116 2899 144 2938 25
158 2887 273 2945 deduxit,
287 2896 315 2936 ut
326 2891 441 2954 suspicio
453 2893 585 2939 auferetur
597 2889 732 2947 adulterii,
744 2904 803 2935 cum
815 2888 883 2934 inter
893 2887 1039 2950 incognitos
1051 2886 1205 2934 devenisset
1217 2889 1281 2936 Erat

160 2950 229 2998 enim
239 2952 334 3000 mulier
345 2953 459 3016 ingenua
469 2970 562 3027 genere
575 2953 639 3001 etde
652 2952 728 2999 bonis
739 2958 796 2999 orta
806 2950 968 3014 parentibus.
983 2950 1111 3010 Conperto
1122 2955 1209 2996 autem
1220 2958 1281 3013 post

159 3013 215 3060 dies
232 3015 328 3063 maltos
341 3017 483 3080 propinqui
500 3017 554 3064 eius
568 3031 634 3080 qnae
655 3021 713 3062 acta
731 3016 845 3072 lucrant,
864 3013 897 3060 ad
913 3013 1090 3059 ulciscendam
1105 3011 1280 3061 humilitatem

160 3077 263 3139 generis
286 3077 326 3125 sui
344 3079 459 3126 velocius
479 3085 634 3143 properant,
662 3083 845 3140 repertumque
867 3075 990 3122 clericum
1008 3075 1125 3128 vinctum
1147 3076 1280 3123 custodiae

160 3139 324 3203 mancipant,
345 3141 481 3190 mulierem
498 3159 560 3190 vero
582 3142 671 3204 ignem
689 3144 854 3187 consumunt.
876 3139 921 3195 ut,
948 3138 1014 3184 sicut
1037 3137 1108 3200 cogit
1124 3139 1181 3184 auri
1205 3155 1280 3186 sacra

120 3214 146 3252 ³0
162 3203 257 3261 fames,
268 3203 392 3250 clericum
403 3205 451 3252 sub
460 3206 545 3269 pretio
557 3204 706 3253 venundare
719 3207 873 3266 procurant,
887 3217 918 3248 ea
929 3200 1050 3248 videlicet
1061 3200 1175 3258 ratione,
1190 3207 1218 3248 ut
1235 3209 1281 3248 aut

160 3271 230 3311 esset
253 3265 298 3338 qui
318 3266 470 3324 redimeret,
494 3274 539 3314 aut
558 3274 626 3315 certe
645 3267 722 3314 morti
742 3265 906 3312 addiceretur
926 3264 1060 3310 obnoxius.
1082 3262 1197 3326 Cumque
1215 3264 1279 3312 haec

159 3326 280 3375 Aetherro
293 3328 416 3393 episcopo
431 3329 518 3378 delata
535 3331 658 3386 luissent,
677 3328 856 3376 misericordia
873 3332 972 3381 motus,
990 3326 1059 3372 datis
1072 3325 1166 3388 viginti
1182 3328 1278 3386 aureis,

158 3405 218 3436 eum
231 3390 264 3437 ab
275 3391 420 3440 imminenti
432 3393 526 3440 exemit
537 3393 653 3440 interitu.
667 3391 751 3454 Igitur
763 3397 903 3454 postquam
913 3389 980 3436 vitae
994 3388 1105 3435 donatus
1118 3395 1170 3445 est,
1179 3391 1280 3452 profert

159 3466 186 3498 se
195 3452 343 3502 litterarum
352 3470 408 3502 esse
419 3455 559 3513 doctorem,
588 3456 724 3504 romittens
737 3453 875 3509 sacerdoti,
886 3451 963 3515 quod,
971 3451 1023 3498 sici
1032 3466 1128 3514 pueros
1136 3451 1277 3514 delegaret,

117 3530 144 3568 ³5
158 3516 288 3578 perlectos
301 3517 343 3564 hio
361 3517 388 3564 in
400 3518 495 3565 litteris
513 3519 559 3565 red
579 3525 641 3566 eret.
657 3517 768 3566 Gavisus
785 3515 877 3562 auditu
897 3515 1029 3572 sacerdos,
1051 3529 1147 3577 pueros
1164 3515 1278 3564 civitatis

158 3578 265 3641 collegit
275 3580 379 3654 ipsique
389 3580 445 3627 dele
466 3587 493 3628 at
502 3581 535 3628 ad
546 3580 697 3628 docendum.
705 3579 767 3627 Dani
789 3594 819 3624 ne
829 3594 889 3624 cum
898 3577 952 3624 iam
960 3577 1134 3624 honoraretur
1143 3593 1158 3623 a
1166 3576 1276 3636 civibus,

158 3646 183 3686 et
196 3641 313 3702 pontifex
325 3657 348 3690 er
360 3597 465 3706 aliquid
473 3650 557 3692 terrae
573 3645 760 3706 vinearumque
770 3595 888 3704 tlargitus
905 3640 1009 3698 luisset,
1023 3656 1052 3686 ac
1065 3639 1172 3687 domum
1181 3656 1277 3703 paren—

158 3708 214 3750 tum
225 3705 235 3764 ΙΙ
247 3720 338 3751 eorum
349 3721 414 3768 quos
427 3707 563 3754 erudiebat
574 3707 739 3762 invitaretur,
753 3719 873 3752 reversus
884 3703 917 3750 ad
930 3704 1072 3758 vomitum,
1087 3703 1163 3750 unius
1173 3704 1278 3765 pueruli
1302 3750 1306 3764 ,
1389 3753 1394 3772 ⁸

159 3771 270 3813 matrem
291 3767 428 3815 immemor
445 3770 583 3817 anterioris
603 3769 714 3817 iniuriae
738 3767 907 3829 concupiscit.
929 3765 1004 3822 Quod
1027 3782 1087 3812 cum
1104 3765 1201 3827 pudica
1221 3767 1277 3814 viro
1289 3749 1342 3799 (¹⁰l·
1358 3750 1409 3795 312·

117 3843 143 3880 ιο
158 3827 253 3874 mulier
265 3829 437 3890 declarasset,
461 3833 591 3879 coniuncti
607 3837 729 3896 parentes
742 3830 797 3876 eius
815 3829 980 3892 gravissimis
1000 3829 1124 3875 clericum
1140 3829 1277 3878 tormentis

158 3890 307 3951 subdentes,
321 3891 470 3942 interimere
486 3896 633 3943 voluerunt.
654 3895 737 3950 Quem
757 3892 877 3940 sacerdos
894 3892 989 3939 iterum
1000 3891 1179 3938 misericordia
1191 3899 1277 3939 motus

157 3953 316 4016 castigatum
325 3956 412 4003 verbis
429 3957 532 4005 lenibus
544 3957 667 4005 liberavit
678 3956 821 4019 honorique
831 3956 953 4002 restituit.
968 3955 1019 4001 Sed
1032 3969 1104 4002 mens
1117 3955 1192 4002 laeva
1199 3970 1276 4002 num-

157 4031 237 4078 quam
249 4017 281 4064 ad
294 4019 438 4066 bonitatem
473 4021 539 4068 otuit
554 4019 691 4076 inclinari,
710 4017 755 4067 sed
772 4017 859 4081 potius
879 4019 963 4064 lactus
985 4024 1024 4064 est
1041 4017 1096 4064 eius
1113 4016 1247 4076 inimicus,
1262 4035 1277 4064 a

156 4094 208 4141 quo
219 4080 323 4144 saepius
341 4081 426 4129 fuerat
462 4099 475 4130 e
492 4090 575 4131 morte
592 4081 752 4145 redemptus.
773 4081 931 4129 Coniunctus
953 4086 993 4127 est
1013 4081 1082 4126 enim
1094 4080 1276 4128 archidiacono

115 4156 142 4196 45
156 4139 283 4202 civitatis,
297 4151 323 4191 et
339 4160 366 4191 se
378 4145 531 4209 episcopatu
554 4147 664 4209 dignum
682 4148 830 4208 proferens,
850 4144 1002 4206 episcopum
1023 4143 1130 4189 molitur
1150 4142 1275 4192 occidere.

158 4203 333 4270 bocetumque
345 4209 482 4266 clericum,
500 4209 544 4272 qui
562 4225 620 4256 eum
631 4210 744 4272 bipenne
758 4212 917 4270 percuteret,
934 4206 987 4268 ipsi
999 4205 1096 4268 ubique
1111 4205 1274 4262 discurrunt,

157 4267 299 4327 musitant,
311 4271 439 4319 amicitias
452 4272 520 4320 clam
531 4272 659 4334 inligant,
673 4273 811 4336 proferunt
821 4271 951 4333 praemia,
966 4274 1003 4326 ut,
1018 4269 1040 4316 si
1050 4269 1172 4316 sacerdos
1183 4269 1274 4327 obiret,

156 4329 215 4392 ipse
227 4333 384 4384 succederet.
395 4333 445 4382 Sed
459 4333 638 4384 misericordia
654 4335 757 4383 Domini
769 4333 923 4395 anticipavit
935 4348 1025 4382 eorum
1037 4333 1170 4381 miseriam
1183 4333 1275 4380 crude-

1181 4421 1209 4460 lb
