<?xml version="1.0" encoding="UTF-8"?>
<!DOCTYPE html PUBLIC "-//W3C//DTD XHTML 1.0 Transitional//EN"
    "http://www.w3.org/TR/xhtml1/DTD/xhtml1-transitional.dtd">
<html xmlns="http://www.w3.org/1999/xhtml" xml:lang="en" lang="en">
 <head>
  <title>
</title>
<meta http-equiv="Content-Type" content="text/html;charset=utf-8" />
  <meta name='ocr-system' content='tesseract 3.04.00' />
  <meta name='ocr-capabilities' content='ocr_page ocr_carea ocr_par ocr_line ocrx_word'/>
</head>
<body>
  <div class='ocr_page' id='page_1' title='image "./grgoiredetoursh00greggoog_0237.png"; bbox 0 0 3256 5144; ppageno 0'>
   <div class='ocr_carea' id='block_1_1' title="bbox 426 397 1263 462">
    <p class='ocr_par' dir='ltr' id='par_1_1' title="bbox 426 397 1263 462">
     <span class='ocr_line' id='line_1_1' title="bbox 426 397 1263 462; baseline 0.001 -3"><span class='ocrx_word' id='word_1_1' title='bbox 426 401 590 461; x_wconf 82' lang='lat' dir='ltr'>arsrounn</span> <span class='ocrx_word' id='word_1_2' title='bbox 609 400 809 462; x_wconf 76' lang='lat' dir='ltr'>nnnncouan</span> <span class='ocrx_word' id='word_1_3' title='bbox 828 409 925 462; x_wconf 84' lang='lat' dir='ltr'>arnna</span> <span class='ocrx_word' id='word_1_4' title='bbox 942 399 971 460; x_wconf 76' lang='lat' dir='ltr'>v.</span> <span class='ocrx_word' id='word_1_5' title='bbox 1219 397 1263 460; x_wconf 72' lang='lat' dir='ltr'>ns</span> 
     </span>
    </p>
   </div>
   <div class='ocr_carea' id='block_1_2' title="bbox 92 528 1416 2249">
    <p class='ocr_par' dir='ltr' id='par_1_2' title="bbox 92 528 1416 2249">
     <span class='ocr_line' id='line_1_2' title="bbox 132 528 1262 620; baseline 0.001 -29"><span class='ocrx_word' id='word_1_6' title='bbox 132 546 236 618; x_wconf 89' lang='lat' dir='ltr'>regna</span> <span class='ocrx_word' id='word_1_7' title='bbox 258 530 440 616; x_wconf 85' lang='lat' dir='ltr'>petierunt,</span> <span class='ocrx_word' id='word_1_8' title='bbox 461 528 562 594; x_wconf 88' lang='lat' dir='ltr'>satius</span> <span class='ocrx_word' id='word_1_9' title='bbox 583 529 745 594; x_wconf 89' lang='lat' dir='ltr'>ducentes</span> <span class='ocrx_word' id='word_1_10' title='bbox 762 529 835 594; x_wconf 89' lang='lat' dir='ltr'>aliis</span> <span class='ocrx_word' id='word_1_11' title='bbox 853 531 1069 620; x_wconf 76' lang='lat' dir='ltr'>peregrinare</span> <span class='ocrx_word' id='word_1_12' title='bbox 1088 550 1185 618; x_wconf 72' lang='lat' dir='ltr'>cluam</span> <span class='ocrx_word' id='word_1_13' title='bbox 1204 528 1262 593; x_wconf 91' lang='lat' dir='ltr'>tali</span> 
     </span>
     <span class='ocr_line' id='line_1_3' title="bbox 131 628 1263 718; baseline 0 -24"><span class='ocrx_word' id='word_1_14' title='bbox 131 628 285 718; x_wconf 91' lang='lat' dir='ltr'>periculo</span> <span class='ocrx_word' id='word_1_15' title='bbox 306 630 489 696; x_wconf 90' lang='lat' dir='ltr'>subiacere.</span> <span class='ocrx_word' id='word_1_16' title='bbox 516 633 683 697; x_wconf 88' lang='lat' dir='ltr'>Statutam</span> <span class='ocrx_word' id='word_1_17' title='bbox 707 631 795 695; x_wconf 90' lang='lat' dir='ltr'>enim</span> <span class='ocrx_word' id='word_1_18' title='bbox 815 631 939 710; x_wconf 88' lang='lat' dir='ltr'>fuerat,</span> <span class='ocrx_word' id='word_1_19' title='bbox 966 642 1003 694; x_wconf 92' lang='lat' dir='ltr'>ut</span> <span class='ocrx_word' id='word_1_20' title='bbox 1029 653 1204 718; x_wconf 89' lang='lat' dir='ltr'>possessor</span> <span class='ocrx_word' id='word_1_21' title='bbox 1221 630 1263 694; x_wconf 87' lang='lat' dir='ltr'>de</span> 
     </span>
     <span class='ocr_line' id='line_1_4' title="bbox 131 731 1261 822; baseline 0.001 -27"><span class='ocrx_word' id='word_1_22' title='bbox 131 731 271 820; x_wconf 89' lang='lat' dir='ltr'>propria</span> <span class='ocrx_word' id='word_1_23' title='bbox 291 745 378 796; x_wconf 88' lang='lat' dir='ltr'>terra</span> <span class='ocrx_word' id='word_1_24' title='bbox 395 753 460 797; x_wconf 91' lang='lat' dir='ltr'>una</span> <span class='ocrx_word' id='word_1_25' title='bbox 481 734 594 797; x_wconf 89' lang='lat' dir='ltr'>anfora</span> <span class='ocrx_word' id='word_1_26' title='bbox 618 733 686 797; x_wconf 89' lang='lat' dir='ltr'>vini</span> <span class='ocrx_word' id='word_1_27' title='bbox 711 757 771 822; x_wconf 91' lang='lat' dir='ltr'>per</span> <span class='ocrx_word' id='word_1_28' title='bbox 791 733 985 821; x_wconf 70' lang='lat' dir='ltr'>aripennem</span> <span class='ocrx_word' id='word_1_29' title='bbox 1004 733 1170 797; x_wconf 86' lang='lat' dir='ltr'>redderet.</span> <span class='ocrx_word' id='word_1_30' title='bbox 1196 732 1261 797; x_wconf 89' lang='lat' dir='ltr'>Sed</span> 
     </span>
     <span class='ocr_line' id='line_1_5' title="bbox 134 833 1263 926; baseline 0.001 -28"><span class='ocrx_word' id='word_1_31' title='bbox 134 845 169 898; x_wconf 90' lang='lat' dir='ltr'>et</span> <span class='ocrx_word' id='word_1_32' title='bbox 187 833 269 899; x_wconf 89' lang='lat' dir='ltr'>aliae</span> <span class='ocrx_word' id='word_1_33' title='bbox 289 834 478 900; x_wconf 86' lang='lat' dir='ltr'>functiones</span> <span class='ocrx_word' id='word_1_34' title='bbox 491 835 732 926; x_wconf 86' lang='lat' dir='ltr'>infligebantur</span> <span class='ocrx_word' id='word_1_35' title='bbox 750 836 844 901; x_wconf 88' lang='lat' dir='ltr'>multi</span> <span class='ocrx_word' id='word_1_36' title='bbox 862 849 929 900; x_wconf 90' lang='lat' dir='ltr'>tam</span> <span class='ocrx_word' id='word_1_37' title='bbox 945 837 986 900; x_wconf 86' lang='lat' dir='ltr'>de</span> <span class='ocrx_word' id='word_1_38' title='bbox 1005 834 1144 924; x_wconf 87' lang='lat' dir='ltr'>reliquis</span> <span class='ocrx_word' id='word_1_39' title='bbox 1163 834 1263 900; x_wconf 87' lang='lat' dir='ltr'>terris</span> 
     </span>
     <span class='ocr_line' id='line_1_6' title="bbox 102 929 1263 1025; baseline 0 -27"><span class='ocrx_word' id='word_1_40' title='bbox 102 959 116 997; x_wconf 78' lang='lat' dir='ltr'>a</span> <span class='ocrx_word' id='word_1_41' title='bbox 134 951 234 1023; x_wconf 90' lang='lat' dir='ltr'>qnam</span> <span class='ocrx_word' id='word_1_42' title='bbox 252 929 294 1000; x_wconf 86' lang='lat' dir='ltr'>dc</span> <span class='ocrx_word' id='word_1_43' title='bbox 306 935 500 1024; x_wconf 85' lang='lat' dir='ltr'>mancipiis3</span> <span class='ocrx_word' id='word_1_44' title='bbox 521 937 610 1025; x_wconf 89' lang='lat' dir='ltr'>quod</span> <span class='ocrx_word' id='word_1_45' title='bbox 624 937 764 1025; x_wconf 89' lang='lat' dir='ltr'>implere</span> <span class='ocrx_word' id='word_1_46' title='bbox 782 961 850 1002; x_wconf 90' lang='lat' dir='ltr'>non</span> <span class='ocrx_word' id='word_1_47' title='bbox 861 945 1004 1025; x_wconf 87' lang='lat' dir='ltr'>poterat.</span> <span class='ocrx_word' id='word_1_48' title='bbox 1023 937 1263 1001; x_wconf 84' lang='lat' dir='ltr'>Lemovecimrs</span> 
     </span>
     <span class='ocr_line' id='line_1_7' title="bbox 134 1039 1262 1128; baseline -0.001 -26"><span class='ocrx_word' id='word_1_49' title='bbox 134 1051 269 1127; x_wconf 90' lang='lat' dir='ltr'>qaoque</span> <span class='ocrx_word' id='word_1_50' title='bbox 296 1039 442 1128; x_wconf 89' lang='lat' dir='ltr'>populas</span> <span class='ocrx_word' id='word_1_51' title='bbox 464 1063 537 1104; x_wconf 93' lang='lat' dir='ltr'>oum</span> <span class='ocrx_word' id='word_1_52' title='bbox 560 1064 594 1104; x_wconf 93' lang='lat' dir='ltr'>se</span> <span class='ocrx_word' id='word_1_53' title='bbox 620 1049 774 1104; x_wconf 87' lang='lat' dir='ltr'>cerneret</span> <span class='ocrx_word' id='word_1_54' title='bbox 792 1039 858 1103; x_wconf 87' lang='lat' dir='ltr'>tale</span> <span class='ocrx_word' id='word_1_55' title='bbox 883 1040 970 1102; x_wconf 89' lang='lat' dir='ltr'>fasce</span> <span class='ocrx_word' id='word_1_56' title='bbox 992 1060 1149 1128; x_wconf 85' lang='lat' dir='ltr'>gravare,</span> <span class='ocrx_word' id='word_1_57' title='bbox 1182 1062 1262 1102; x_wconf 91' lang='lat' dir='ltr'>con-</span> 
     </span>
     <span class='ocr_line' id='line_1_8' title="bbox 133 1139 1416 1230; baseline -0.002 -26"><span class='ocrx_word' id='word_1_58' title='bbox 133 1152 291 1230; x_wconf 90' lang='lat' dir='ltr'>gregatos</span> <span class='ocrx_word' id='word_1_59' title='bbox 309 1141 344 1204; x_wconf 91' lang='lat' dir='ltr'>in</span> <span class='ocrx_word' id='word_1_60' title='bbox 364 1141 429 1204; x_wconf 89' lang='lat' dir='ltr'>kal.</span> <span class='ocrx_word' id='word_1_61' title='bbox 450 1140 591 1220; x_wconf 87' lang='lat' dir='ltr'>Martiis,</span> <span class='ocrx_word' id='word_1_62' title='bbox 616 1143 763 1205; x_wconf 88' lang='lat' dir='ltr'>Marcum</span> <span class='ocrx_word' id='word_1_63' title='bbox 782 1140 1056 1220; x_wconf 81' lang='lat' dir='ltr'>referendarium,</span> <span class='ocrx_word' id='word_1_64' title='bbox 1075 1139 1088 1230; x_wconf 74' lang='lat' dir='ltr'>II</span> <span class='ocrx_word' id='word_1_65' title='bbox 1105 1139 1161 1230; x_wconf 90' lang='lat' dir='ltr'>qui</span> <span class='ocrx_word' id='word_1_66' title='bbox 1179 1141 1262 1204; x_wconf 87' lang='lat' dir='ltr'>haec</span> <span class='ocrx_word' id='word_1_67' title='bbox 1274 1152 1327 1200; x_wconf 83' lang='lat' dir='ltr'>Ful.</span> <span class='ocrx_word' id='word_1_68' title='bbox 1340 1152 1416 1201; x_wconf 69' lang='lat' dir='ltr'>tan.</span> 
     </span>
     <span class='ocr_line' id='line_1_9' title="bbox 134 1241 1259 1331; baseline 0.001 -26"><span class='ocrx_word' id='word_1_69' title='bbox 134 1265 233 1331; x_wconf 88' lang='lat' dir='ltr'>agere</span> <span class='ocrx_word' id='word_1_70' title='bbox 254 1241 364 1307; x_wconf 89' lang='lat' dir='ltr'>iussus</span> <span class='ocrx_word' id='word_1_71' title='bbox 389 1243 514 1323; x_wconf 89' lang='lat' dir='ltr'>fuerat,</span> <span class='ocrx_word' id='word_1_72' title='bbox 545 1241 735 1307; x_wconf 85' lang='lat' dir='ltr'>interlicere</span> <span class='ocrx_word' id='word_1_73' title='bbox 760 1242 880 1324; x_wconf 78' lang='lat' dir='ltr'>voluit3</span> <span class='ocrx_word' id='word_1_74' title='bbox 906 1251 938 1306; x_wconf 92' lang='lat' dir='ltr'>et</span> <span class='ocrx_word' id='word_1_75' title='bbox 964 1243 1099 1307; x_wconf 72' lang='lat' dir='ltr'>fecisset</span> <span class='ocrx_word' id='word_1_76' title='bbox 1123 1241 1259 1330; x_wconf 89' lang='lat' dir='ltr'>utique,</span> 
     </span>
     <span class='ocr_line' id='line_1_10' title="bbox 133 1343 1262 1434; baseline 0.001 -27"><span class='ocrx_word' id='word_1_77' title='bbox 133 1344 198 1408; x_wconf 90' lang='lat' dir='ltr'>nisi</span> <span class='ocrx_word' id='word_1_78' title='bbox 214 1369 288 1409; x_wconf 92' lang='lat' dir='ltr'>eam</span> <span class='ocrx_word' id='word_1_79' title='bbox 308 1345 485 1434; x_wconf 91' lang='lat' dir='ltr'>episcopus</span> <span class='ocrx_word' id='word_1_80' title='bbox 503 1343 679 1412; x_wconf 85' lang='lat' dir='ltr'>Ferreolus</span> <span class='ocrx_word' id='word_1_81' title='bbox 700 1347 740 1409; x_wconf 89' lang='lat' dir='ltr'>ub</span> <span class='ocrx_word' id='word_1_82' title='bbox 761 1345 946 1410; x_wconf 77' lang='lat' dir='ltr'>inminente</span> <span class='ocrx_word' id='word_1_83' title='bbox 967 1344 1161 1409; x_wconf 82' lang='lat' dir='ltr'>discrimine</span> <span class='ocrx_word' id='word_1_84' title='bbox 1176 1345 1262 1410; x_wconf 91' lang='lat' dir='ltr'>Iibe-</span> 
     </span>
     <span class='ocr_line' id='line_1_11' title="bbox 93 1446 1401 1538; baseline 0.002 -31"><span class='ocrx_word' id='word_1_85' title='bbox 93 1459 251 1512; x_wconf 78' lang='lat' dir='ltr'>iurasset.</span> <span class='ocrx_word' id='word_1_86' title='bbox 285 1447 436 1536; x_wconf 80' lang='lat' dir='ltr'>Arreptis</span> <span class='ocrx_word' id='word_1_87' title='bbox 464 1472 597 1537; x_wconf 89' lang='lat' dir='ltr'>quoque</span> <span class='ocrx_word' id='word_1_88' title='bbox 630 1447 726 1512; x_wconf 90' lang='lat' dir='ltr'>libris</span> <span class='ocrx_word' id='word_1_89' title='bbox 764 1446 1070 1538; x_wconf 74' lang='lat' dir='ltr'>dissscribtionibas,</span> <span class='ocrx_word' id='word_1_90' title='bbox 1103 1446 1328 1513; x_wconf 80' lang='lat' dir='ltr'>incendiouol.</span> <span class='ocrx_word' id='word_1_91' title='bbox 1349 1465 1401 1510; x_wconf 79' lang='lat'><strong>239.</strong></span> 
     </span>
     <span class='ocr_line' id='line_1_12' title="bbox 135 1549 1260 1631; baseline 0.003 -19"><span class='ocrx_word' id='word_1_92' title='bbox 135 1549 314 1614; x_wconf 83' lang='lat' dir='ltr'>multitudo</span> <span class='ocrx_word' id='word_1_93' title='bbox 333 1549 509 1615; x_wconf 89' lang='lat' dir='ltr'>coniuncta</span> <span class='ocrx_word' id='word_1_94' title='bbox 530 1549 698 1615; x_wconf 84' lang='lat' dir='ltr'>cremavit.</span> <span class='ocrx_word' id='word_1_95' title='bbox 724 1551 820 1615; x_wconf 89' lang='lat' dir='ltr'>Unde</span> <span class='ocrx_word' id='word_1_96' title='bbox 846 1550 985 1615; x_wconf 84' lang='lat' dir='ltr'>multam</span> <span class='ocrx_word' id='word_1_97' title='bbox 1008 1551 1167 1615; x_wconf 89' lang='lat' dir='ltr'>molestus</span> <span class='ocrx_word' id='word_1_98' title='bbox 1187 1575 1260 1631; x_wconf 84' lang='lat' dir='ltr'>rex,</span> 
     </span>
     <span class='ocr_line' id='line_1_13' title="bbox 133 1651 1263 1742; baseline 0.001 -27"><span class='ocrx_word' id='word_1_99' title='bbox 133 1651 285 1742; x_wconf 81' lang='lat' dir='ltr'>dIrigens</span> <span class='ocrx_word' id='word_1_100' title='bbox 305 1653 345 1716; x_wconf 90' lang='lat' dir='ltr'>de</span> <span class='ocrx_word' id='word_1_101' title='bbox 362 1652 464 1716; x_wconf 88' lang='lat' dir='ltr'>lutere</span> <span class='ocrx_word' id='word_1_102' title='bbox 487 1677 546 1717; x_wconf 91' lang='lat' dir='ltr'>suo</span> <span class='ocrx_word' id='word_1_103' title='bbox 567 1671 748 1741; x_wconf 83' lang='lat' dir='ltr'>personas,</span> <span class='ocrx_word' id='word_1_104' title='bbox 768 1651 929 1716; x_wconf 87' lang='lat' dir='ltr'>iamensis</span> <span class='ocrx_word' id='word_1_105' title='bbox 946 1651 1076 1715; x_wconf 88' lang='lat' dir='ltr'>damnis</span> <span class='ocrx_word' id='word_1_106' title='bbox 1102 1653 1263 1741; x_wconf 88' lang='lat' dir='ltr'>populum</span> 
     </span>
     <span class='ocr_line' id='line_1_14' title="bbox 134 1751 1260 1842; baseline 0 -26"><span class='ocrx_word' id='word_1_107' title='bbox 134 1751 263 1816; x_wconf 84' lang='lat' dir='ltr'>adflixit</span> <span class='ocrx_word' id='word_1_108' title='bbox 277 1751 519 1842; x_wconf 85' lang='lat' dir='ltr'>suppliciisque</span> <span class='ocrx_word' id='word_1_109' title='bbox 530 1753 708 1832; x_wconf 85' lang='lat' dir='ltr'>conteruit,</span> <span class='ocrx_word' id='word_1_110' title='bbox 721 1766 827 1818; x_wconf 88' lang='lat' dir='ltr'>morte</span> <span class='ocrx_word' id='word_1_111' title='bbox 837 1752 998 1817; x_wconf 74' lang='lat' dir='ltr'>multavit,</span> <span class='ocrx_word' id='word_1_112' title='bbox 1011 1755 1137 1818; x_wconf 88' lang='lat' dir='ltr'>Ferunt</span> <span class='ocrx_word' id='word_1_113' title='bbox 1149 1753 1260 1833; x_wconf 87' lang='lat' dir='ltr'>etiam,</span> 
     </span>
     <span class='ocr_line' id='line_1_15' title="bbox 133 1853 1262 1943; baseline 0 -26"><span class='ocrx_word' id='word_1_114' title='bbox 133 1866 214 1918; x_wconf 88' lang='lat' dir='ltr'>tunc</span> <span class='ocrx_word' id='word_1_115' title='bbox 235 1856 373 1919; x_wconf 78' lang='lat' dir='ltr'>abbates</span> <span class='ocrx_word' id='word_1_116' title='bbox 393 1867 492 1942; x_wconf 90' lang='lat' dir='ltr'>atque</span> <span class='ocrx_word' id='word_1_117' title='bbox 509 1854 716 1942; x_wconf 87' lang='lat' dir='ltr'>presbiteros</span> <span class='ocrx_word' id='word_1_118' title='bbox 737 1855 777 1919; x_wconf 90' lang='lat' dir='ltr'>ad</span> <span class='ocrx_word' id='word_1_119' title='bbox 801 1853 932 1943; x_wconf 84' lang='lat' dir='ltr'>stipites</span> <span class='ocrx_word' id='word_1_120' title='bbox 950 1865 1107 1936; x_wconf 84' lang='lat' dir='ltr'>extensos</span> <span class='ocrx_word' id='word_1_121' title='bbox 1122 1853 1262 1918; x_wconf 87' lang='lat' dir='ltr'>diversis</span> 
     </span>
     <span class='ocr_line' id='line_1_16' title="bbox 92 1953 1260 2046; baseline 0 -27"><span class='ocrx_word' id='word_1_122' title='bbox 92 1953 342 2020; x_wconf 77' lang='lat' dir='ltr'>rasubiaeuisse</span> <span class='ocrx_word' id='word_1_123' title='bbox 378 1955 574 2035; x_wconf 87' lang='lat' dir='ltr'>tormentis,</span> <span class='ocrx_word' id='word_1_124' title='bbox 610 1956 891 2021; x_wconf 88' lang='lat' dir='ltr'>calumniantibus</span> <span class='ocrx_word' id='word_1_125' title='bbox 925 1955 1094 2046; x_wconf 87' lang='lat' dir='ltr'>regalibus</span> <span class='ocrx_word' id='word_1_126' title='bbox 1131 1953 1260 2035; x_wconf 75' lang='lat' dir='ltr'>missia,</span> 
     </span>
     <span class='ocr_line' id='line_1_17' title="bbox 135 2056 1263 2147; baseline 0 -25"><span class='ocrx_word' id='word_1_127' title='bbox 135 2059 225 2146; x_wconf 89' lang='lat' dir='ltr'>quod</span> <span class='ocrx_word' id='word_1_128' title='bbox 247 2057 280 2121; x_wconf 92' lang='lat' dir='ltr'>in</span> <span class='ocrx_word' id='word_1_129' title='bbox 308 2057 473 2122; x_wconf 87' lang='lat' dir='ltr'>seditione</span> <span class='ocrx_word' id='word_1_130' title='bbox 496 2057 622 2147; x_wconf 90' lang='lat' dir='ltr'>populu</span> <span class='ocrx_word' id='word_1_131' title='bbox 645 2057 685 2121; x_wconf 88' lang='lat' dir='ltr'>ad</span> <span class='ocrx_word' id='word_1_132' title='bbox 711 2056 943 2123; x_wconf 90' lang='lat' dir='ltr'>incendendos</span> <span class='ocrx_word' id='word_1_133' title='bbox 969 2058 1074 2122; x_wconf 90' lang='lat' dir='ltr'>libros</span> <span class='ocrx_word' id='word_1_134' title='bbox 1101 2056 1263 2122; x_wconf 80' lang='lat' dir='ltr'>satellites</span> 
     </span>
     <span class='ocr_line' id='line_1_18' title="bbox 134 2157 1136 2249; baseline -0.001 -26"><span class='ocrx_word' id='word_1_135' title='bbox 134 2157 332 2239; x_wconf 81' lang='lat' dir='ltr'>adfuissent,</span> <span class='ocrx_word' id='word_1_136' title='bbox 352 2159 590 2248; x_wconf 83' lang='lat' dir='ltr'>acerbioraque</span> <span class='ocrx_word' id='word_1_137' title='bbox 611 2159 772 2248; x_wconf 86' lang='lat' dir='ltr'>deinceps</span> <span class='ocrx_word' id='word_1_138' title='bbox 790 2158 982 2249; x_wconf 85' lang='lat' dir='ltr'>infligentes</span> <span class='ocrx_word' id='word_1_139' title='bbox 1000 2159 1136 2224; x_wconf 88' lang='lat' dir='ltr'>tributa.</span> 
     </span>
    </p>
   </div>
   <div class='ocr_carea' id='block_1_3' title="bbox 88 2325 1264 3109">
    <p class='ocr_par' dir='ltr' id='par_1_3' title="bbox 88 2325 1264 3109">
     <span class='ocr_line' id='line_1_19' title="bbox 179 2325 1263 2418; baseline 0.001 -26"><span class='ocrx_word' id='word_1_140' title='bbox 179 2328 269 2392; x_wconf 88' lang='lat' dir='ltr'>XXII</span> <span class='ocrx_word' id='word_1_141' title='bbox 288 2327 364 2414; x_wconf 83' lang='lat'>(29).</span> <span class='ocrx_word' id='word_1_142' title='bbox 387 2325 545 2392; x_wconf 89' lang='lat' dir='ltr'>Brittani¹</span> <span class='ocrx_word' id='word_1_143' title='bbox 561 2353 694 2416; x_wconf 92' lang='lat' dir='ltr'>quoque</span> <span class='ocrx_word' id='word_1_144' title='bbox 711 2327 855 2418; x_wconf 86' lang='lat' dir='ltr'>graviter</span> <span class='ocrx_word' id='word_1_145' title='bbox 873 2326 1044 2417; x_wconf 88' lang='lat' dir='ltr'>regionem</span> <span class='ocrx_word' id='word_1_146' title='bbox 1058 2326 1263 2393; x_wconf 86' lang='lat' dir='ltr'>Redunicam</span> 
     </span>
     <span class='ocr_line' id='line_1_20' title="bbox 133 2427 1263 2517; baseline 0.002 -25"><span class='ocrx_word' id='word_1_147' title='bbox 133 2440 346 2495; x_wconf 80' lang='lat' dir='ltr'>vastaverunt</span> <span class='ocrx_word' id='word_1_148' title='bbox 362 2428 532 2507; x_wconf 89' lang='lat' dir='ltr'>incendio,</span> <span class='ocrx_word' id='word_1_149' title='bbox 554 2431 688 2517; x_wconf 90' lang='lat' dir='ltr'>praeda,</span> <span class='ocrx_word' id='word_1_150' title='bbox 707 2430 909 2517; x_wconf 88' lang='lat' dir='ltr'>captivitate.</span> <span class='ocrx_word' id='word_1_151' title='bbox 930 2427 995 2510; x_wconf 89' lang='lat' dir='ltr'>Qui</span> <span class='ocrx_word' id='word_1_152' title='bbox 1016 2452 1120 2516; x_wconf 89' lang='lat' dir='ltr'>usqne</span> <span class='ocrx_word' id='word_1_153' title='bbox 1137 2431 1263 2494; x_wconf 84' lang='lat' dir='ltr'>Cornu·</span> 
     </span>
     <span class='ocr_line' id='line_1_21' title="bbox 89 2528 1264 2622; baseline 0.002 -28"><span class='ocrx_word' id='word_1_154' title='bbox 89 2557 117 2594; x_wconf 76' lang='lat' dir='ltr'>aa</span> <span class='ocrx_word' id='word_1_155' title='bbox 134 2531 216 2595; x_wconf 85' lang='lat' dir='ltr'>tium</span> <span class='ocrx_word' id='word_1_156' title='bbox 229 2530 339 2596; x_wconf 90' lang='lat' dir='ltr'>vicum</span> <span class='ocrx_word' id='word_1_157' title='bbox 350 2530 551 2595; x_wconf 87' lang='lat' dir='ltr'>debellando</span> <span class='ocrx_word' id='word_1_158' title='bbox 562 2533 732 2622; x_wconf 86' lang='lat' dir='ltr'>progressi</span> <span class='ocrx_word' id='word_1_159' title='bbox 749 2543 837 2596; x_wconf 89' lang='lat' dir='ltr'>sunt.</span> <span class='ocrx_word' id='word_1_160' title='bbox 855 2528 982 2596; x_wconf 89' lang='lat' dir='ltr'>Ennius</span> <span class='ocrx_word' id='word_1_161' title='bbox 993 2554 1071 2596; x_wconf 78' lang='lat' dir='ltr'>vero</span> <span class='ocrx_word' id='word_1_162' title='bbox 1084 2532 1264 2619; x_wconf 87' lang='lat' dir='ltr'>episcopus</span> 
     </span>
     <span class='ocr_line' id='line_1_22' title="bbox 132 2632 1262 2722; baseline 0 -25"><span class='ocrx_word' id='word_1_163' title='bbox 132 2634 175 2698; x_wconf 90' lang='lat' dir='ltr'>de</span> <span class='ocrx_word' id='word_1_164' title='bbox 189 2633 289 2700; x_wconf 88' lang='lat' dir='ltr'>exilio</span> <span class='ocrx_word' id='word_1_165' title='bbox 304 2635 480 2714; x_wconf 89' lang='lat' dir='ltr'>reductus,</span> <span class='ocrx_word' id='word_1_166' title='bbox 503 2634 680 2698; x_wconf 84' lang='lat' dir='ltr'>rlndecavo</span> <span class='ocrx_word' id='word_1_167' title='bbox 701 2635 741 2698; x_wconf 90' lang='lat' dir='ltr'>ad</span> <span class='ocrx_word' id='word_1_168' title='bbox 762 2633 968 2722; x_wconf 90' lang='lat' dir='ltr'>pascendum</span> <span class='ocrx_word' id='word_1_169' title='bbox 984 2632 1115 2697; x_wconf 91' lang='lat' dir='ltr'>delatur</span> <span class='ocrx_word' id='word_1_170' title='bbox 1141 2656 1203 2696; x_wconf 90' lang='lat' dir='ltr'>nec</span> <span class='ocrx_word' id='word_1_171' title='bbox 1221 2632 1262 2697; x_wconf 91' lang='lat' dir='ltr'>ad</span> 
     </span>
     <span class='ocr_line' id='line_1_23' title="bbox 134 2733 1262 2824; baseline -0.001 -24"><span class='ocrx_word' id='word_1_172' title='bbox 134 2735 301 2801; x_wconf 88' lang='lat' dir='ltr'>civitatem</span> <span class='ocrx_word' id='word_1_173' title='bbox 329 2761 419 2802; x_wconf 89' lang='lat' dir='ltr'>snam</span> <span class='ocrx_word' id='word_1_174' title='bbox 443 2737 636 2805; x_wconf 83' lang='lat' dir='ltr'>Veneticum</span> <span class='ocrx_word' id='word_1_175' title='bbox 664 2737 781 2801; x_wconf 86' lang='lat' dir='ltr'>sedere</span> <span class='ocrx_word' id='word_1_176' title='bbox 806 2733 1022 2824; x_wconf 88' lang='lat' dir='ltr'>permittitur.</span> <span class='ocrx_word' id='word_1_177' title='bbox 1047 2735 1262 2822; x_wconf 87' lang='lat' dir='ltr'>Beppolenus</span> 
     </span>
     <span class='ocr_line' id='line_1_24' title="bbox 132 2834 1263 2926; baseline -0.001 -25"><span class='ocrx_word' id='word_1_178' title='bbox 132 2861 210 2902; x_wconf 91' lang='lat' dir='ltr'>vero</span> <span class='ocrx_word' id='word_1_179' title='bbox 226 2837 294 2902; x_wconf 90' lang='lat' dir='ltr'>dux</span> <span class='ocrx_word' id='word_1_180' title='bbox 305 2851 423 2904; x_wconf 78' lang='lat' dir='ltr'>¹contra</span> <span class='ocrx_word' id='word_1_181' title='bbox 436 2838 606 2904; x_wconf 87' lang='lat' dir='ltr'>Brittanos</span> <span class='ocrx_word' id='word_1_182' title='bbox 623 2837 787 2926; x_wconf 84' lang='lat' dir='ltr'>diregitur</span> <span class='ocrx_word' id='word_1_183' title='bbox 802 2848 836 2900; x_wconf 90' lang='lat' dir='ltr'>et</span> <span class='ocrx_word' id='word_1_184' title='bbox 849 2836 920 2900; x_wconf 85' lang='lat' dir='ltr'>Iucu</span> <span class='ocrx_word' id='word_1_185' title='bbox 937 2835 1045 2924; x_wconf 89' lang='lat' dir='ltr'>aliqua</span> <span class='ocrx_word' id='word_1_186' title='bbox 1060 2834 1263 2900; x_wconf 61' lang='lat' dir='ltr'>Brittaniae‘.2</span> 
     </span>
     <span class='ocr_line' id='line_1_25' title="bbox 132 2937 1260 3028; baseline 0.001 -28"><span class='ocrx_word' id='word_1_187' title='bbox 132 2939 220 3002; x_wconf 90' lang='lat' dir='ltr'>ferro</span> <span class='ocrx_word' id='word_1_188' title='bbox 246 2937 471 3028; x_wconf 90' lang='lat' dir='ltr'>incendioque</span> <span class='ocrx_word' id='word_1_189' title='bbox 497 2939 683 3028; x_wconf 86' lang='lat' dir='ltr'>opprimet3</span> <span class='ocrx_word' id='word_1_190' title='bbox 715 2963 798 3026; x_wconf 89' lang='lat' dir='ltr'>qnae</span> <span class='ocrx_word' id='word_1_191' title='bbox 830 2963 882 3001; x_wconf 90' lang='lat' dir='ltr'>res</span> <span class='ocrx_word' id='word_1_192' title='bbox 915 2937 1072 3002; x_wconf 88' lang='lat' dir='ltr'>maiorem</span> <span class='ocrx_word' id='word_1_193' title='bbox 1098 2937 1260 3001; x_wconf 86' lang='lat' dir='ltr'>insaniam</span> 
     </span>
     <span class='ocr_line' id='line_1_26' title="bbox 88 3053 300 3109; baseline 0.009 -7"><span class='ocrx_word' id='word_1_194' title='bbox 88 3071 116 3109; x_wconf 72' lang='lat' dir='ltr'>aa</span> <span class='ocrx_word' id='word_1_195' title='bbox 133 3053 300 3104; x_wconf 83' lang='lat' dir='ltr'>exultavit.</span> 
     </span>
    </p>
   </div>
   <div class='ocr_carea' id='block_1_4' title="bbox 23 3207 1263 4346">
    <p class='ocr_par' dir='ltr' id='par_1_4' title="bbox 130 3207 1263 3608">
     <span class='ocr_line' id='line_1_27' title="bbox 167 3207 1261 3299; baseline 0.001 -27"><span class='ocrx_word' id='word_1_196' title='bbox 167 3211 283 3276; x_wconf 84' lang='lat' dir='ltr'>-xxut</span> <span class='ocrx_word' id='word_1_197' title='bbox 301 3210 377 3298; x_wconf 65' lang='grc'>(30).</span> <span class='ocrx_word' id='word_1_198' title='bbox 395 3214 480 3275; x_wconf 87' lang='lat' dir='ltr'>Dum</span> <span class='ocrx_word' id='word_1_199' title='bbox 493 3212 574 3275; x_wconf 89' lang='lat' dir='ltr'>haec</span> <span class='ocrx_word' id='word_1_200' title='bbox 589 3221 743 3299; x_wconf 86' lang='lat' dir='ltr'>ageretur</span> <span class='ocrx_word' id='word_1_201' title='bbox 758 3207 792 3273; x_wconf 91' lang='lat' dir='ltr'>in</span> <span class='ocrx_word' id='word_1_202' title='bbox 806 3207 936 3287; x_wconf 88' lang='lat' dir='ltr'>Galliis,</span> <span class='ocrx_word' id='word_1_203' title='bbox 950 3207 1109 3288; x_wconf 87' lang='lat' dir='ltr'>Iustinus,</span> <span class='ocrx_word' id='word_1_204' title='bbox 1122 3207 1261 3296; x_wconf 88' lang='lat' dir='ltr'>impleto</span> 
     </span>
     <span class='ocr_line' id='line_1_28' title="bbox 131 3303 1263 3398; baseline 0.001 -25"><span class='ocrx_word' id='word_1_205' title='bbox 131 3303 264 3398; x_wconf 89' lang='lat' dir='ltr'>imperii</span> <span class='ocrx_word' id='word_1_206' title='bbox 294 3326 410 3378; x_wconf 83' lang='lat' dir='ltr'>octavo</span> <span class='ocrx_word' id='word_1_207' title='bbox 439 3312 569 3378; x_wconf 91' lang='lat' dir='ltr'>decimo</span> <span class='ocrx_word' id='word_1_208' title='bbox 597 3336 702 3393; x_wconf 90' lang='lat' dir='ltr'>anuo,</span> <span class='ocrx_word' id='word_1_209' title='bbox 735 3311 912 3374; x_wconf 88' lang='lat' dir='ltr'>amentiam</span> <span class='ocrx_word' id='word_1_210' title='bbox 944 3334 1042 3398; x_wconf 92' lang='lat' dir='ltr'>quam</span> <span class='ocrx_word' id='word_1_211' title='bbox 1075 3311 1263 3374; x_wconf 87' lang='lat' dir='ltr'>incurrerat</span> 
     </span>
     <span class='ocr_line' id='line_1_29' title="bbox 131 3411 1261 3501; baseline 0.001 -26"><span class='ocrx_word' id='word_1_212' title='bbox 131 3435 206 3476; x_wconf 88' lang='lat' dir='ltr'>cum</span> <span class='ocrx_word' id='word_1_213' title='bbox 227 3411 292 3478; x_wconf 84' lang='lat' dir='ltr'>vitu</span> <span class='ocrx_word' id='word_1_214' title='bbox 311 3413 427 3480; x_wconf 83' lang='lat' dir='ltr'>finivit.</span> <span class='ocrx_word' id='word_1_215' title='bbox 457 3418 530 3497; x_wconf 91' lang='lat' dir='ltr'>Quo</span> <span class='ocrx_word' id='word_1_216' title='bbox 550 3413 703 3501; x_wconf 83' lang='lat' dir='ltr'>sepulte,</span> <span class='ocrx_word' id='word_1_217' title='bbox 726 3413 888 3499; x_wconf 87' lang='lat' dir='ltr'>Tyberius</span> <span class='ocrx_word' id='word_1_218' title='bbox 908 3435 1021 3475; x_wconf 86' lang='lat' dir='ltr'>caesar</span> <span class='ocrx_word' id='word_1_219' title='bbox 1040 3411 1182 3500; x_wconf 87' lang='lat' dir='ltr'>arripuit</span> <span class='ocrx_word' id='word_1_220' title='bbox 1197 3412 1261 3476; x_wconf 91' lang='lat' dir='ltr'>iam</span> 
     </span>
     <span class='ocr_line' id='line_1_30' title="bbox 130 3513 1262 3608; baseline 0.003 -32"><span class='ocrx_word' id='word_1_221' title='bbox 130 3513 210 3578; x_wconf 89' lang='lat' dir='ltr'>olim</span> <span class='ocrx_word' id='word_1_222' title='bbox 224 3517 419 3608; x_wconf 89' lang='lat' dir='ltr'>adgressum</span> <span class='ocrx_word' id='word_1_223' title='bbox 435 3515 624 3605; x_wconf 89' lang='lat' dir='ltr'>imperium.</span> <span class='ocrx_word' id='word_1_224' title='bbox 646 3516 712 3581; x_wconf 91' lang='lat' dir='ltr'>Sed</span> <span class='ocrx_word' id='word_1_225' title='bbox 735 3539 809 3580; x_wconf 88' lang='lat' dir='ltr'>oum</span> <span class='ocrx_word' id='word_1_226' title='bbox 829 3538 903 3577; x_wconf 89' lang='lat' dir='ltr'>eum</span> <span class='ocrx_word' id='word_1_227' title='bbox 916 3513 1099 3578; x_wconf 89' lang='lat' dir='ltr'>secundum</span> <span class='ocrx_word' id='word_1_228' title='bbox 1119 3539 1262 3579; x_wconf 89' lang='lat' dir='ltr'>consue·</span> 
     </span>
    </p>

    <p class='ocr_par' dir='ltr' id='par_1_5' title="bbox 86 3615 1262 4014">
     <span class='ocr_line' id='line_1_31' title="bbox 86 3615 1261 3706; baseline 0.005 -32"><span class='ocrx_word' id='word_1_229' title='bbox 86 3637 113 3674; x_wconf 83' lang='lat' dir='ltr'>aa</span> <span class='ocrx_word' id='word_1_230' title='bbox 130 3617 282 3682; x_wconf 88' lang='lat' dir='ltr'>tudinem</span> <span class='ocrx_word' id='word_1_231' title='bbox 307 3618 372 3684; x_wconf 91' lang='lat' dir='ltr'>Ioci</span> <span class='ocrx_word' id='word_1_232' title='bbox 406 3620 447 3683; x_wconf 90' lang='lat' dir='ltr'>ad</span> <span class='ocrx_word' id='word_1_233' title='bbox 481 3617 707 3706; x_wconf 84' lang='lat' dir='ltr'>spectaculum</span> <span class='ocrx_word' id='word_1_234' title='bbox 746 3615 826 3681; x_wconf 91' lang='lat' dir='ltr'>circi</span> <span class='ocrx_word' id='word_1_235' title='bbox 856 3615 1078 3704; x_wconf 89' lang='lat' dir='ltr'>praestolaret</span> <span class='ocrx_word' id='word_1_236' title='bbox 1100 3617 1261 3704; x_wconf 91' lang='lat' dir='ltr'>populum</span> 
     </span>
     <span class='ocr_line' id='line_1_32' title="bbox 133 3715 1262 3810; baseline 0.002 -29"><span class='ocrx_word' id='word_1_237' title='bbox 133 3742 388 3805; x_wconf 89' lang='lat' dir='ltr'>processurum,</span> <span class='ocrx_word' id='word_1_238' title='bbox 414 3743 531 3810; x_wconf 87' lang='lat' dir='ltr'>parare</span> <span class='ocrx_word' id='word_1_239' title='bbox 552 3719 582 3784; x_wconf 90' lang='lat' dir='ltr'>ei</span> <span class='ocrx_word' id='word_1_240' title='bbox 601 3719 754 3808; x_wconf 88' lang='lat' dir='ltr'>cogitans</span> <span class='ocrx_word' id='word_1_241' title='bbox 772 3743 834 3806; x_wconf 91' lang='lat' dir='ltr'>pro</span> <span class='ocrx_word' id='word_1_242' title='bbox 858 3728 951 3806; x_wconf 88' lang='lat' dir='ltr'>parte</span> <span class='ocrx_word' id='word_1_243' title='bbox 977 3715 1153 3782; x_wconf 90' lang='lat' dir='ltr'>Iustiniani</span> <span class='ocrx_word' id='word_1_244' title='bbox 1179 3718 1262 3783; x_wconf 92' lang='lat' dir='ltr'>insi·</span> 
     </span>
     <span class='ocr_line' id='line_1_33' title="bbox 133 3801 1262 3910; baseline 0.004 -28"><span class='ocrx_word' id='word_1_245' title='bbox 133 3817 224 3900; x_wconf 88' lang='lat' dir='ltr'>dias,</span> <span class='ocrx_word' id='word_1_246' title='bbox 245 3823 302 3910; x_wconf 87' lang='lat' dir='ltr'>qui</span> <span class='ocrx_word' id='word_1_247' title='bbox 320 3835 399 3886; x_wconf 91' lang='lat' dir='ltr'>tunc</span> <span class='ocrx_word' id='word_1_248' title='bbox 416 3820 658 3910; x_wconf 77' lang='lat' dir='ltr'>nepnsIustIni</span> <span class='ocrx_word' id='word_1_249' title='bbox 677 3821 876 3900; x_wconf 87' lang='lat' dir='ltr'>habebatur,</span> <span class='ocrx_word' id='word_1_250' title='bbox 898 3801 955 3883; x_wconf 90' lang='lat' dir='ltr'>ille</span> <span class='ocrx_word' id='word_1_251' title='bbox 973 3844 1034 3908; x_wconf 90' lang='lat' dir='ltr'>per</span> <span class='ocrx_word' id='word_1_252' title='bbox 1051 3816 1125 3884; x_wconf 91' lang='lat' dir='ltr'>loca</span> <span class='ocrx_word' id='word_1_253' title='bbox 1148 3833 1262 3886; x_wconf 89' lang='lat' dir='ltr'>sancta</span> 
     </span>
     <span class='ocr_line' id='line_1_34' title="bbox 132 3918 1260 4014; baseline 0.002 -30"><span class='ocrx_word' id='word_1_254' title='bbox 132 3925 308 4008; x_wconf 87' lang='lat' dir='ltr'>processit.</span> <span class='ocrx_word' id='word_1_255' title='bbox 326 3924 556 4014; x_wconf 87' lang='lat' dir='ltr'>Conpletaque</span> <span class='ocrx_word' id='word_1_256' title='bbox 573 3921 736 4002; x_wconf 89' lang='lat' dir='ltr'>oratione,</span> <span class='ocrx_word' id='word_1_257' title='bbox 749 3935 901 3987; x_wconf 89' lang='lat' dir='ltr'>vocatum</span> <span class='ocrx_word' id='word_1_258' title='bbox 914 3922 954 3985; x_wconf 92' lang='lat' dir='ltr'>ad</span> <span class='ocrx_word' id='word_1_259' title='bbox 970 3945 1004 3984; x_wconf 91' lang='lat' dir='ltr'>se</span> <span class='ocrx_word' id='word_1_260' title='bbox 1018 3918 1111 3986; x_wconf 91' lang='lat' dir='ltr'>urbis</span> <span class='ocrx_word' id='word_1_261' title='bbox 1126 3947 1260 4010; x_wconf 87' lang='lat' dir='ltr'>papam,</span> 
     </span>
    </p>

    <p class='ocr_par' dir='ltr' id='par_1_6' title="bbox 88 4021 1261 4218">
     <span class='ocr_line' id='line_1_35' title="bbox 133 4021 1261 4114; baseline 0.001 -27"><span class='ocrx_word' id='word_1_262' title='bbox 133 4047 207 4088; x_wconf 89' lang='lat' dir='ltr'>cum</span> <span class='ocrx_word' id='word_1_263' title='bbox 226 4026 420 4092; x_wconf 89' lang='lat' dir='ltr'>consulibus</span> <span class='ocrx_word' id='word_1_264' title='bbox 441 4049 478 4090; x_wconf 91' lang='lat' dir='ltr'>ac</span> <span class='ocrx_word' id='word_1_265' title='bbox 492 4023 669 4114; x_wconf 87' lang='lat' dir='ltr'>praefectis</span> <span class='ocrx_word' id='word_1_266' title='bbox 689 4024 847 4112; x_wconf 88' lang='lat' dir='ltr'>palatium</span> <span class='ocrx_word' id='word_1_267' title='bbox 864 4035 916 4088; x_wconf 90' lang='lat' dir='ltr'>est</span> <span class='ocrx_word' id='word_1_268' title='bbox 934 4021 1117 4113; x_wconf 39' lang='lat' dir='ltr'>ingressus,</span> <span class='ocrx_word' id='word_1_269' title='bbox 1130 4023 1261 4088; x_wconf 91' lang='lat' dir='ltr'>Dehinc</span> 
     </span>
     <span class='ocr_line' id='line_1_36' title="bbox 88 4123 1261 4218; baseline 0.004 -33"><span class='ocrx_word' id='word_1_270' title='bbox 88 4123 270 4193; x_wconf 82' lang='lat' dir='ltr'>asindutus</span> <span class='ocrx_word' id='word_1_271' title='bbox 300 4154 467 4218; x_wconf 87' lang='lat' dir='ltr'>purpura,</span> <span class='ocrx_word' id='word_1_272' title='bbox 497 4129 694 4216; x_wconf 89' lang='lat' dir='ltr'>dyademate</span> <span class='ocrx_word' id='word_1_273' title='bbox 721 4139 910 4207; x_wconf 87' lang='lat' dir='ltr'>coronatus,</span> <span class='ocrx_word' id='word_1_274' title='bbox 945 4127 1069 4190; x_wconf 84' lang='lat' dir='ltr'>throno</span> <span class='ocrx_word' id='word_1_275' title='bbox 1096 4123 1261 4213; x_wconf 89' lang='lat' dir='ltr'>imperiali</span> 
     </span>
    </p>

    <p class='ocr_par' dir='ltr' id='par_1_7' title="bbox 23 4225 1257 4346">
     <span class='ocr_line' id='line_1_37' title="bbox 23 4225 1257 4346; baseline 0 -55"><span class='ocrx_word' id='word_1_276' title='bbox 23 4260 24 4346; x_wconf 58' lang='lat' dir='ltr'>p</span> <span class='ocrx_word' id='word_1_277' title='bbox 133 4227 313 4321; x_wconf 88' lang='lat' dir='ltr'>inpositus,</span> <span class='ocrx_word' id='word_1_278' title='bbox 344 4257 419 4297; x_wconf 90' lang='lat' dir='ltr'>cam</span> <span class='ocrx_word' id='word_1_279' title='bbox 455 4229 616 4296; x_wconf 90' lang='lat' dir='ltr'>inmensis</span> <span class='ocrx_word' id='word_1_280' title='bbox 647 4228 803 4295; x_wconf 88' lang='lat' dir='ltr'>laudibus</span> <span class='ocrx_word' id='word_1_281' title='bbox 834 4228 1010 4316; x_wconf 88' lang='lat' dir='ltr'>imperium</span> <span class='ocrx_word' id='word_1_282' title='bbox 1039 4225 1257 4291; x_wconf 85' lang='lat' dir='ltr'>confirmavit.</span> 
     </span>
    </p>
   </div>
   <div class='ocr_carea' id='block_1_5' title="bbox 164 4367 997 4421">
    <p class='ocr_par' dir='ltr' id='par_1_8' title="bbox 164 4367 997 4421">
     <span class='ocr_line' id='line_1_38' title="bbox 164 4367 997 4421; baseline -0.01 -2"><span class='ocrx_word' id='word_1_283' title='bbox 164 4373 186 4419; x_wconf 87' lang='lat'>1.</span> <span class='ocrx_word' id='word_1_284' title='bbox 205 4377 275 4421; x_wconf 80' lang='lat' dir='ltr'>Gerr.</span> <span class='ocrx_word' id='word_1_285' title='bbox 290 4372 429 4420; x_wconf 77' lang='lat' dir='ltr'>Brittanni</span> <span class='ocrx_word' id='word_1_286' title='bbox 443 4399 472 4408; x_wconf 89' lang='lat'><em>-</em></span> <span class='ocrx_word' id='word_1_287' title='bbox 490 4373 511 4418; x_wconf 75' lang='grc'>2.</span> <span class='ocrx_word' id='word_1_288' title='bbox 532 4376 602 4418; x_wconf 65' lang='lat' dir='ltr'>(forr.</span> <span class='ocrx_word' id='word_1_289' title='bbox 621 4371 772 4418; x_wconf 86' lang='lat' dir='ltr'>Brittannos</span> <span class='ocrx_word' id='word_1_290' title='bbox 785 4397 815 4405; x_wconf 93' lang='lat'>-</span> <span class='ocrx_word' id='word_1_291' title='bbox 828 4367 997 4415; x_wconf 83' lang='lat' dir='ltr'>Brittanniae.</span> 
     </span>
    </p>
   </div>
   <div class='ocr_carea' id='block_1_6' title="bbox 0 0 1632 5144">
    <p class='ocr_par' dir='ltr' id='par_1_9' title="bbox 0 0 1632 5144">
     <span class='ocr_line' id='line_1_39' title="bbox 0 0 1632 5144; baseline 0 0"><span class='ocrx_word' id='word_1_292' title='bbox 0 0 1632 5144; x_wconf 95' lang='lat' dir='ltr'> </span> 
     </span>
    </p>
   </div>
  </div>
 </body>
</html>
