3220 5158
391 461 556 512 HISTORIAE
573 460 774 512 FRANCORUM
791 461 888 510 LIBER
906 461 938 510 11.
1187 463 1226 510 '37

109 581 200 644 iuxta
210 577 294 643 illud
307 580 449 668 apostoli
468 607 474 644 :
495 580 583 668 Quia
596 604 660 644 non
670 593 747 644 sunt
757 579 938 668 condignae
944 584 1116 668 passiones
1130 579 1227 644 laios

109 687 264 772 temporis
289 683 336 746 od
356 685 508 774 futuram
531 683 693 772 gloriam,
719 707 804 772 quoe
827 683 993 748 revelatur
1012 687 1045 746 in
1066 681 1223 750 soractis¹¹

109 783 206 850 Multi
223 795 303 850 tunc
319 798 468 851 errantes
485 811 502 850 a
522 786 604 866 lide,
625 784 829 875 accipientes
844 783 993 865 divicias,
1015 783 1229 849 inseruerunt

111 913 145 953 se
175 887 351 953 doloribus
384 890 512 970 multis,
541 888 627 955 sicut
657 887 770 954 infilex
798 888 856 954 ille
887 890 1065 978 episcopus
1092 886 1227 952 nomine

86 992 299 1056 sRevocatus
328 1004 379 1056 est
405 1003 576 1058 revocatus
601 1015 620 1055 a
646 990 712 1056 fide
734 989 908 1056 catholica.
934 993 1027 1056 Tunc
1051 1003 1084 1056 et
1108 990 1158 1055 sol
1178 1002 1229 1055 ter

111 1092 267 1182 apparuit
284 1095 499 1175 obscuratus,
522 1093 619 1159 itaut
636 1092 689 1158 vix
704 1095 745 1158 ab
757 1118 795 1160 eo
804 1118 881 1182 pars
895 1093 947 1158 vel
964 1093 1069 1159 tercia
1082 1094 1226 1173 luceret3

111 1197 213 1264 credo
229 1221 291 1286 pro
311 1195 413 1263 tantis
425 1197 651 1262 sceleribuset
665 1195 828 1262 effusione
843 1195 1226 1287 sanguinisinnocentis.

111 1298 300 1366 Honoricus
322 1324 398 1365 vero
425 1313 502 1389 post
527 1313 656 1365 tantum
683 1298 811 1365 facinus
836 1313 1022 1389 arreptusa
1046 1300 1227 1378 daemone,

110 1401 309 1490 quidinde
337 1416 525 1468 sauctorum
554 1399 716 1493 sanguiue
738 1415 853 1492 pastus
879 1403 1002 1483 fuerat,
1026 1403 1171 1492 propriis
1194 1427 1229 1466 se

76 1527 97 1567 n
111 1504 280 1571 morsibus
305 1504 465 1587 laniabat,
496 1504 531 1570 in
557 1528 623 1594 quo
648 1503 795 1571 cruciato
817 1505 918 1570 vitam
947 1504 1120 1597 indiguam
1143 1506 1231 1570 iusta

109 1620 218 1672 morte
248 1605 365 1672 finivit.
393 1607 477 1673 Huic
505 1605 716 1673 Childericus
748 1607 931 1688 successit3
957 1633 1023 1697 quo
1053 1609 1228 1688 defuncto,

111 1707 329 1776 Gelesimeris
343 1734 483 1801 regnum
500 1709 659 1797 suscepit.
682 1711 749 1798 lpsi
766 1734 899 1800 quoque
911 1735 928 1774 a
938 1711 1120 1799 republica
1135 1733 1230 1798 supe·

111 1826 221 1892 ratus,
243 1811 343 1877 vitam
364 1813 657 1902 principatumque
676 1810 795 1878 finivit.
822 1815 863 1878 Et
882 1811 930 1877 sic
948 1837 1086 1903 regnum
1104 1811 1232 1878 decidit

109 1915 362 1986 Wandalorum.

73 2123 95 2160 15
154 2100 200 2163 Ill
227 2097 283 2184 (4).
311 2097 434 2162 Multae
457 2097 547 2162 enim
574 2098 709 2162 hereses
739 2123 779 2163 eo
800 2111 951 2187 tempore
982 2099 1043 2163 Dei
1070 2067 1385 2182 ecclesiasgssl'2l,'''

111 2201 360 2292 inpugnabant,
383 2200 424 2265 de
451 2202 573 2290 quibus
594 2202 790 2291 plerumque
814 2201 897 2267 ultio
927 2201 1039 2267 divina
1067 2202 1144 2268 data
1164 2216 1225 2268 est.

110 2307 192 2370 Nam
213 2317 248 2368 et
264 2303 486 2370 Athanaricus
503 2306 690 2371 Gothorum
707 2329 764 2370 rex
779 2330 931 2396 magnam
947 2307 1102 2370 excitavit
1119 2331 1228 2394 perse·

111 2408 296 2488 cutiouem3
319 2406 375 2496 qui
396 2408 517 2472 multos
536 2406 804 2473 Christianorum
826 2408 966 2472 diversis
986 2409 1104 2497 poeuis
1123 2408 1229 2473 adfec-

110 2521 161 2574 tos
180 2511 294 2601 gladio
323 2511 553 2575 detruncabat.
587 2511 683 2576 Unde
712 2511 834 2576 factum
869 2523 937 2592 est,
965 2522 1017 2590 ut,
1041 2511 1229 2577 imminenti

70 2636 96 2674 ao
110 2611 234 2678 iudicio
254 2611 336 2690 Dei,
363 2637 424 2700 pro
443 2611 605 2678 effusione
629 2613 801 2704 sanguinis
822 2611 900 2678 iusti
924 2638 941 2677 a
961 2638 1065 2706 regno
1084 2613 1228 2702 depelle·

111 2728 201 2782 retur
220 2729 254 2781 et
272 2714 353 2781 essit
370 2715 445 2780 exul
468 2739 486 2778 a
506 2717 631 2802 patria,
656 2714 713 2806 qui
737 2715 798 2780 Dei
822 2715 979 2782 ecclesias
1005 2717 1224 2807 inpugnabat.

112 2818 177 2883 Sed
193 2818 235 2882 ad
250 2819 422 2906 superiora
440 2817 625 2883 redeamus.

153 3004 214 3067 llll
242 3001 297 3089 (5).
322 2998 427 3090 Igitur
450 3023 561 3063 r0m0r
581 3012 668 3079 erat,
691 3000 827 3064 Chonos
848 2998 883 3070 in
906 2999 1022 3065 Galliis
1042 3000 1126 3065 velle
1147 3026 1225 3090 pro-

110 3128 274 3193 rumpere.
290 3105 368 3167 Erat
386 3114 494 3166 autem
511 3103 761 3191 tunctemporis
773 3101 861 3190 apud
872 3105 1050 3193 Tungrus2
1064 3103 1225 3192 oppidum

71 3206 309 3271 aaAravatius³
340 3205 478 3269 eximiae
506 3205 691 3268 sanctitatis
724 3205 920 3293 episcopus,
956 3205 1013 3294 qui
1037 3205 1160 3297 vigiliis
1188 3231 1224 3272 ac

109 3309 240 3375 ieiuniis
275 3332 413 3387 vacans,
443 3308 561 3371 crebro
588 3308 798 3373 lacrimarum
824 3306 930 3374 imbre
962 3310 1129 3397 perfusum
1163 3312 1224 3377 Dei

109 3409 371 3477 misericordiam
391 3410 621 3497 praecabatur‚
640 3434 681 3473 ne
696 3432 852 3498 umquam
862 3421 997 3500 gentem
1014 3411 1100 3477 hanc
1118 3411 1224 3478 incre-

108 3515 218 3580 dolam
247 3512 378 3601 sibique
407 3536 538 3599 semper
557 3510 731 3602 indignam
754 3513 789 3576 in
815 3509 933 3578 Galliis
952 3515 1065 3580 venire
1088 3514 1223 3603 permit-

107 3629 201 3682 teret.
226 3615 294 3682 Sed
319 3613 467 3680 sentiens
497 3639 557 3704 per
584 3613 754 3704 spiritum,
777 3639 839 3704 pro
864 3615 994 3682 delictis
1020 3617 1137 3707 populi
1158 3617 1222 3684 sibi

72 3720 169 3784 aohoc
197 3742 266 3783 non
298 3716 399 3783 luisse
428 3741 643 3796 concessum,
681 3717 857 3782 consilium
893 3718 1010 3784 habuit
1043 3721 1222 3808 expetendi

109 3824 223 3886 urbem
252 3822 450 3898 Romanam,
479 3817 608 3884 scilicet
634 3832 687 3900 ut,
714 3819 903 3885 adiunctam
926 3821 991 3886 sibi
1019 3821 1221 3911 apostolicae

108 3924 237 3989 virtutis
261 3923 466 4012 patrocinia,
498 3945 582 4010 quae
610 3921 781 3988 humiliter
808 3923 849 3988 ad
875 3925 937 3988 Dei
958 3921 1220 3990 misericordiam

109 4025 294 4117 flagitabat,
319 4039 503 4090 mereretur
527 4023 656 4090 facilius
683 4026 855 4090 obtenere.
881 4025 1053 4091 Accedens
1079 4049 1159 4116 crgo
1180 4027 1220 4090 ad

109 4128 193 4194 beati
214 4127 358 4216 apostoli
383 4127 563 4207 tumulum,
594 4128 857 4217 depraecabatur
886 4129 1041 4194 auxilium
1061 4128 1220 4194 bonitatis

139 4349 159 4396 l.
176 4349 250 4398 Rom.
262 4351 284 4408 Β,
299 4350 337 4397 18.
349 4376 380 4387 -
389 4351 411 4399 2,
431 4353 501 4399 Corr.
519 4351 679 4417 Tungrense.
688 4379 719 4388 —
730 4353 750 4400 3.
774 4354 844 4400 Corr.
856 4349 1001 4400 Rervatius.
