3256 5144
353 311 397 364 178
634 312 796 362 caucana
815 309 1024 359 TURONENSIS
1041 305 1192 359 EPISCOPl

353 431 466 510 alieni,
485 432 624 495 forsitan
643 428 791 493 iussione
811 427 933 494 divina.
950 431 1032 494 Nam
1054 441 1087 492 et
1104 427 1348 492 Aurilianensis
1360 425 1477 491 civitas

352 558 451 624 grave
477 529 635 598 incendio
660 529 888 618 conflagravit,
912 528 946 594 in
973 542 1105 594 tantum
1129 543 1166 594 ut
1190 527 1368 594 ditioribus
1391 528 1478 592 nihil

352 633 506 722 paenitus
525 643 730 710 remaneret;
753 642 786 694 et
806 631 834 694 si
850 629 970 719 aliquis
990 631 1030 694 ab
1047 629 1119 720 igni
1137 629 1315 720 quicquam
1333 629 1476 717 eripuit,

353 737 394 800 ab
412 734 648 800 insistentibus
662 732 743 797 furis
762 745 813 797 est
833 732 1011 822 direptum.
1033 733 1131 820 Apud
1152 731 1332 822 terminum
1351 733 1479 796 Carno-

353 836 459 902 tinum
495 835 586 904 urbis
614 837 655 900 de
691 835 829 902 effracta
862 859 948 923 pane
979 834 1115 924 sanguis
1151 833 1288 898 effluxit.
1326 833 1509 900 Graviterr»

352 953 438 1004 tunc‘
453 951 486 1004 et
504 941 654 1004 Biturica
670 937 784 1002 civitas
799 961 815 1000 a
834 937 999 1028 grandine
1019 939 1194 1002 verberata
1214 951 1274 1002 est.

218 1137 271 1183 Col.
287 1137 340 1184 2143.
398 1123 501 1187 XXVI
523 1118 600 1206 (34).
625 1117 692 1184 Sed
712 1119 794 1180 haec
816 1115 971 1206 prodigia
994 1116 1209 1206 grallvissiuaa
1227 1118 1299 1182 lues
1325 1130 1376 1181 cst
1400 1120 1481 1182 sub-

355 1235 505 1311 sequuta.
522 1224 603 1286 Nam
621 1232 654 1283 et
671 1220 904 1306 discordantes
924 1243 1020 1308 reges
1046 1231 1078 1282 et
1102 1218 1222 1283 iterum
1234 1220 1365 1284 'bellum
1385 1221 1482 1285 civile
1556 1225 1579 1248 ·'
1617 1211 1618 1280 ἶ

356 1322 568 1414 parantihuS‚
613 1319 844 1408 dysentericus
897 1321 1033 1383 morbus
1074 1344 1180 1408 paene
1225 1321 1482 1396 Gallias‘totas
1617 1311 1618 1322 ¹

356 1424 623 1514 praeoccupavit.
652 1425 756 1486 Erant
781 1420 869 1485 enim
894 1421 947 1485 his
968 1421 1024 1510 qui
1045 1423 1259 1510 patiebantur
1278 1424 1386 1488 valida
1407 1449 1482 1488 omn
1499 1450 1530 1487 10

357 1527 499 1592 vomitus
522 1523 625 1590 febris
648 1547 832 1611 renumque
864 1523 986 1586 nimius
1018 1523 1131 1603 dolor;
1159 1526 1268 1612 capud
1298 1551 1398 1616 grave
1430 1528 1483 1590 vel

359 1628 479 1695 cervix.
504 1631 549 1692 Ea
566 1651 644 1690 vero
663 1649 747 1714 quae
774 1624 1025 1712 proiciebantur
1045 1625 1157 1691 colore
1177 1651 1295 1692 croceo
1317 1641 1372 1692 aut
1391 1641 1483 1694 certe

359 1729 478 1796 viridia
496 1741 602 1793 erant.
627 1727 655 1792 A
673 1725 785 1793 multis
805 1739 913 1792 autem
929 1727 1171 1792 adserebantur
1185 1753 1349 1794 venenum
1369 1731 1483 1794 occul-

359 1847 430 1898 tam
455 1855 539 1896 esse.
568 1828 773 1894 Rusticiores
799 1852 878 1893 vero
901 1828 1028 1892 corales
1058 1830 1121 1894 hoc
1146 1831 1303 1917 pusculas
1329 1833 1482 1896 nomina-

326 1965 334 1978 ·
361 1938 458 2012 bant;
487 1932 576 2022 quod
602 1956 669 1996 non
696 1943 747 1994 est
776 1929 989 2009 incredibile,
1016 1931 1093 2019 qnia
1125 1932 1245 1997 missae
1277 1933 1310 1996 in
1337 1933 1483 2022 scapulis
1502 1960 1530 1997 ιδ

361 2038 429 2103 sive
464 2035 615 2100 eruribus
649 2046 823 2111 ventosae,
864 2033 1126 2121 procedentibus
1161 2036 1482 2125 erumpentibusque

360 2140 479 2218 virius,
501 2138 642 2202 decursa
663 2135 789 2214 saniae,
819 2133 913 2198 multi
932 2134 1171 2200 liberabantur.
1199 2139 1266 2202 Sed
1287 2150 1320 2202 et
1339 2141 1480 2218 herbae,

361 2265 444 2332 quae
459 2241 597 2304 venenis
619 2239 812 2317 medentur,
831 2237 924 2325 potui
941 2250 1103 2325 sumptae,
1126 2238 1296 2328 plerisque
1317 2241 1483 2328 praesidia

361 2342 587 2407 contulerunt.
616 2342 658 2406 Et
676 2340 818 2427 'quidem
842 2338 986 2426 primum
1010 2340 1092 2404 haec
1115 2339 1327 2415 infirmitasa
1351 2367 1484 2408 mensae

361 2446 488 2534 Agusto
519 2440 669 2522 iniciata,
702 2442 857 2530 parvolas
894 2440 1119 2506 adoliscentes
1156 2443 1297 2531 arripuit
1329 2444 1530 2534 lectoque-zo

245 2574 299 2622 Fol.
312 2576 348 2622 74.
362 2546 514 2612 subiecit.
542 2545 554 2638 [l
579 2543 798 2611 Perdidemus
829 2542 945 2607 dulces
976 2557 1008 2608 et
1033 2568 1127 2608 caros
1159 2546 1257 2608 nobis
1280 2544 1483 2627 infantulae,

295 2731 308 2742 ἱ
363 2674 447 2738 quos
467 2661 523 2713 aut
541 2645 678 2736 gremiis
696 2644 836 2710 fovimus
858 2658 913 2708 aut
928 2645 1016 2709 ulnis
1035 2646 1251 2712 baiolavimus
1273 2661 1328 2712 aut
1350 2651 1485 2738 propria

363 2775 476 2833 manu,
496 2747 692 2814 ministratis
709 2745 819 2834 cybiS,
839 2746 931 2834 ipsos
950 2748 1060 2812 studio
1084 2749 1249 2839 sagatiore
1273 2749 1483 2816 nutrivimus,

364 2855 448 2931 Sed,
465 2850 624 2916 abstersis
642 2847 806 2926 lacrimis,
828 2873 902 2912 oum
924 2851 1101 2914 beatoiob
1123 2851 1265 2916 dicimus
1289 2879 1294 2915 :
1325 2855 1486 2919 Dominus

362 2956 460 3033 dedit,
476 2955 642 3016 'Dominus
666 2949 819 3030 abstulit;
846 2951 1006 3038 quomodo
1027 2953 1166 3015 Donzr'uo
1183 2951 1327 3040 placuit,
1349 2959 1396 3017 ita
1410 2957 1486 3044 fac·
1501 2983 1529 3020 25

363 3069 429 3118 tum
457 3069 514 3118 eat.
542 3054 592 3116 Sit
610 3075 726 3114 norrea
755 3056 824 3114 eius
845 3051 1045 3114 benedictum
1073 3059 1106 3115 in
1126 3053 1299 3117 saeculat.
1323 3053 1429 3144 igitur
1452 3055 1484 3120 in

361 3159 413 3222 his
441 3157 560 3220 diebus
584 3151 796 3242 Chilpcricus
825 3177 881 3216 rex
908 3152 1081 3241 egrotavit.
1112 3158 1185 3237 Quo
1212 3155 1483 3238 convalescente,

360 3258 448 3321 filins
473 3259 543 3322 eius
564 3255 686 3334 iunior,
709 3253 851 3317 necdum
873 3278 955 3342 aqua
976 3267 1009 3318 et
1036 3255 1163 3343 Spiritu
1189 3270 1304 3321 saneto
1332 3271 1483 3338 renatus,

360 3372 513 3448 egrotare
548 3355 669 3445 coepit.
703 3358 809 3436 Quem
842 3353 875 3418 in
911 3355 1066 3420 extremis
1106 3356 1279 3436 videnteS‚
1317 3361 1485 3448 baptismo

359 3461 547 3526 abluerunt.
575 3455 648 3542 Quo
668 3479 848 3546 parumper
866 3457 983 3522 melias
1012 3459 1261 3540 convaliscens,
1291 3462 1392 3525 frater
1413 3462 1485 3528 eius
1500 3490 1527 3528 aa

359 3564 471 3628 senior
504 3559 639 3626 nornine
678 3559 926 3625 Chlodobertns
959 3563 999 3624 ab
1031 3561 1095 3626 hoc
1129 3565 1246 3627 morbo
1285 3565 1482 3654 corripitur3

356 3668 533 3754 ipsumque
549 3663 583 3727 in
599 3661 793 3726 discrimine
812 3662 928 3726 mortis
949 3663 1182 3754 Fredegundis
1203 3679 1308 3732 mater
1326 3692 1482 3745 cernens,

356 3791 430 3831 sero
447 3765 635 3854 paenitenS,
652 3763 697 3828 ait
713 3764 754 3827 ad
777 3789 889 3854 regem
913 3792 919 3828 ε
942 3793 957 3827 a
978 3765 1043 3830 Diu
1065 3791 1126 3830 nos
1151 3768 1236 3832 male
1258 3781 1395 3858 agentes
1416 3769 1483 3858 pie·

353 3882 404 3934 tas
425 3869 536 3933 divina
553 3879 737 3946 sustentat,
762 3890 837 3930 nam
857 3892 954 3956 saepe
980 3893 1041 3932 nos
1060 3868 1210 3935 febribus
1236 3883 1269 3935 et
1288 3870 1361 3935 aliis
1389 3870 1482 3935 malis

354 3971 536 4059 corripuit;
566 3982 599 4034 et
618 3967 807 4032 emendatio
827 3993 894 4033 non
916 3970 1089 4034 successit.
1113 3973 1199 4036 Ecce
1223 3973 1287 4036 iam
1309 3972 1481 4061 perdimus
1496 3999 1523 4037 aa
1617 4021 1618 4026 κ

382 4163 403 4211 1.
423 4163 469 4210 leh
483 4163 509 4219 l,
524 4163 561 4210 21.
