3220 5158
414 464 578 515 HISTORIAE
596 466 796 516 FRANCORUM
814 467 946 518 LIBERI.
1192 469 1240 554 ‘27

124 579 285 647 Toronici
308 605 364 647 eos
385 581 598 671 conspiciunt
612 582 841 664 obdormisse,
861 585 1123 674 adpraehensam
1144 608 1239 650 sanc-

122 683 246 749 tissimi
262 682 276 774 Η
293 684 443 774 corporis
458 686 608 776 glebam,
630 684 685 750 alii
705 711 765 774 per
782 687 961 752 fenestram
981 686 1123 766 eiciunt,
1148 685 1203 751 alii
1223 696 1305 750 aCol.
1320 699 1358 745 36.

123 787 206 852 foris
224 787 429 876 suscipiunt,
446 787 624 877 positoque
639 787 674 853 in
688 812 786 870 nave,
814 814 888 854 cum
917 789 1007 854 omni
1033 789 1157 879 populo
1182 813 1242 879 per

123 890 334 958 Vincenuam
348 889 481 954 fluvium
495 889 716 972 discendunt,
734 890 944 983 ingressique
954 881 1083 984 ligeris
1099 892 1239 972 alveum,

66 1020 79 1058 5
124 993 168 1058 ad
182 994 299 1058 urbem
327 993 525 1058 Toronicam
553 1017 627 1057 cum
656 995 785 1084 magnis
812 994 968 1060 laudibus
996 994 1241 1084 psallentioque

124 1093 276 1187 dirigunt
296 1094 446 1183 copioso.
467 1099 673 1186 Dequorum
693 1099 830 1163 vocibus
850 1096 982 1170 Pectavi
1003 1096 1239 1188 expergefacti,

124 1197 210 1264 nihil
227 1198 269 1262 de
286 1198 442 1263 thesauro
459 1223 557 1290 quem
575 1198 808 1266 costodiebaut
824 1202 1003 1279 habentes,
1023 1224 1098 1265 cum
1123 1223 1242 1290 magna

124 1299 321 1366 confusione
343 1301 384 1366 ad
399 1303 536 1390 propria
556 1316 633 1367 sunt
650 1301 783 1369 reversi.
814 1302 913 1387 Quod
938 1302 964 1368 si
986 1302 1060 1394 quis
1078 1302 1237 1392 requirit,

124 1427 212 1492 quur
231 1416 308 1494 post
329 1406 505 1470 transitum
527 1405 659 1471 Gatiani
685 1408 836 1500 episcopi
860 1431 947 1472 unus
972 1419 1117 1486 tanturn,
1136 1405 1171 1471 id
1192 1419 1243 1474 est

78 1533 106 1570 10
123 1505 286 1588 Litorius,
314 1507 493 1598 usquead
522 1521 673 1573 sanctum
700 1506 879 1575 Martinum
906 1508 1016 1576 fuissit
1041 1508 1239 1599 episcopus,
1365 1501 1368 1508 ’

123 1609 273 1688 noverit,
294 1599 391 1697 quia,
413 1608 655 1674 obsistentibus
681 1609 840 1702 paganis,
865 1610 923 1676 diu
943 1610 1107 1676 Toroniea
1127 1610 1241 1676 civitas

124 1707 207 1775 sine
225 1709 461 1776 benedictione
488 1711 687 1777 sacerdotali
715 1711 787 1778 fuit.
815 1715 898 1780 Nam
925 1713 981 1802 qui
1004 1711 1185 1778 Christiani
1202 1729 1259 1778 eo'

123 1825 276 1903 tempore
294 1812 506 1895 videbantur,
528 1814 678 1880 occultae
703 1815 738 1880 et
758 1840 819 1905 per
844 1815 988 1880 latebras
1006 1814 1154 1881 divinum
1172 1816 1241 1880 offi-

124 1915 213 1982 cium
241 1915 486 1982 caelebrabant.
513 1919 596 1984 Nam
628 1916 729 2006 siqui
756 1942 774 1982 a
800 1911 939 2008 paganis
959 1917 1083 2007 reperti
1101 1917 1243 1983 luissent

79 2045 106 2082 rs
124 2016 332 2100 Christiani,
350 2032 407 2085 aut
427 2019 669 2086 adliciebantur
685 2021 881 2087 verberibus
904 2035 960 2086 aut
979 2018 1091 2112 gladio
1112 2032 1241 2086 trunca·

124 2123 261 2186 buntur.
988 2131 990 2140 ’

168 2225 196 2287 A
214 2223 370 2312 passione
393 2250 473 2316 ergo
494 2226 630 2292 Domini
650 2252 756 2318 usque
775 2229 952 2294 transitum
978 2227 1083 2295 sancti
1106 2228 1242 2294 Martini
1252 2238 1307 2288 Fol.
1321 2239 1350 2286 13
1360 2247 1396 2286 v·.

123 2325 204 2390 anni
223 2328 397 2414 CCCCXll
415 2340 650 2418 conputantur.

96 2543 107 2554 ’
192 2577 393 2642 exauda
411 2577 540 2644 ursan
565 2579 729 2644 paruus
755 2579 1002 2646 coarianis
1028 2577 1175 2645 annos

80 2694 313 2764 annixam
346 2695 420 2776 Qui
450 2695 774 2762 conrumnrnn
800 2694 828 2758 Α
856 2696 1076 2761 rainelmo
1100 2696 1241 2762 uuum

226 2813 372 2896 usone
397 2810 455 2875 An
482 2810 734 2878 nnansuuu
761 2810 916 2916 sanent
939 2812 1134 2879 uanam.
