3256 5144
382 405 425 452 tur
670 399 826 454 GREGORH
845 397 1054 450 TURONENSIS
1070 397 1221 452 uelsuorl

376 520 469 583 bum.
491 515 596 606 Igitur
613 541 704 593 eum,
727 516 798 580 vule
813 528 890 604 post
903 515 1068 601 synodum
1084 526 1306 580 memoratum
1328 537 1408 604 rege
1439 512 1504 576 iarn

383 618 485 696 dictu,
499 619 539 684 ad
555 619 690 708 propriu
703 617 812 685 redire
829 616 992 696 vellimus,
1005 643 1071 684 nou
1086 630 1162 682 ante
1174 617 1348 684 discedere
1365 615 1503 705 placuit,

383 720 447 784 nisi
459 721 548 786 hunc
561 721 681 798 virum,
691 719 804 785 libatis
823 717 942 796 oculis,
953 717 1186 808 linquerimus.
1199 722 1305 804 Quem
1317 719 1505 808 quaesitum

264 837 317 884 Fot.
332 839 370 886 79,
383 821 415 888 in
435 823 519 889 atrio
540 821 778 888 Brinnaceusis
797 822 915 887 domus
936 820 1081 909 repperi.
1106 820 1119 910 ΙΙ
1144 820 1205 886 Cui
1224 819 1309 898 dixi,
1337 819 1413 910 quia
1439 818 1505 884 iam

383 947 472 992 erum
490 924 530 994 ud
553 922 722 1012 propriam
748 923 927 992 rediturus.
951 925 1045 990 Tunc·
1070 921 1188 990 remoti
1214 922 1401 1012 paululum,
1423 921 1535 990 duma

381 1027 552 1092 hincinde
568 1025 881 1104 sermocinaremur,
902 1025 947 1089 uit
971 1025 1052 1090 mihi
1080 1052 1086 1088 ε
1113 1052 1129 1087 «
1151 1024 1298 1093 Videsne
1317 1049 1418 1114 super
1439 1025 1506 1094 hoc

381 1139 506 1196 tectum
527 1153 611 1218 qune
629 1153 692 1218 ego
711 1127 880 1217 suspicio?
897 1156 913 1191 n
932 1129 993 1193 Cui
1012 1152 1075 1218 ego
1096 1155 1102 1191 ε
1132 1155 1149 1191 u
1168 1127 1275 1194 Video
1292 1127 1380 1194 enim
1391 1153 1506 1218 euper-

381 1230 543 1320 tegulum,
565 1232 654 1320 quod
672 1255 779 1319 nuper
793 1255 851 1296 rex
870 1229 949 1318 poni
964 1229 1139 1319 praecipit.
1154 1258 1169 1292 »
1191 1233 1232 1294 Et
1247 1230 1303 1296 ille
1325 1257 1331 1296 :
1356 1258 1372 1292 u
1389 1229 1504 1308 Aliud,

381 1330 517 1423 inquid,
543 1356 610 1395 non
638 1331 784 1422 aspicis?
811 1358 828 1393 u
861 1331 921 1398 Cui
949 1356 1012 1422 ego
1040 1358 1047 1395 t
1072 1358 1088 1393 «
1114 1331 1204 1398 Nihil
1239 1330 1329 1402 uliud
1350 1331 1460 1400 video,
1486 1359 1504 1394 »

383 1433 586 1521 Suspicabar
617 1433 725 1511 enim,
757 1433 847 1523 quod
880 1432 1005 1522 aliquid
1045 1433 1193 1500 ioculare
1225 1434 1429 1524 loqueretur.
1463 1435 1552 1500 Etru

382 1533 488 1598 adieci
510 1559 516 1596 :
541 1559 558 1598 n
581 1533 616 1602 Si
633 1547 667 1601 tu
682 1534 808 1624 aliquid
825 1534 929 1624 magis
951 1535 1080 1614 cernis,
1100 1559 1228 1602 enarra.
1254 1562 1270 1598 u
1294 1539 1333 1602 Et
1351 1535 1425 1612 itte,
1438 1535 1505 1604 ulta

381 1637 518 1702 trahens
534 1635 694 1724 suspiria,
714 1636 759 1701 nit
780 1657 788 1706 τ
809 1664 825 1700 u
848 1637 954 1704 Video
975 1661 1038 1730 ego
1055 1639 1264 1730 evaginatum
1284 1639 1352 1706 irne
1372 1637 1505 1706 divinae

380 1735 529 1828 gladium
550 1761 651 1824 super
672 1737 807 1804 domum
826 1741 912 1808 hanc
937 1739 1197 1828 dependentem.
1225 1766 1242 1804 u
1266 1743 1505 1810 Verumtamen

383 1861 447 1902 non
474 1837 592 1904 fefellit
614 1837 718 1904 dictio
741 1841 968 1920 sacerdotem3
991 1864 1067 1908 unm
1090 1853 1165 1930 post
1187 1839 1259 1906 dies
1278 1843 1337 1908 XX
1357 1841 1424 1910 duo
1445 1841 1503 1908 filii

383 1940 490 2030 regis,
507 1964 592 2028 quos
611 1941 763 2029 superius
784 1954 932 2008 mortuns
951 1942 1163 2034 scripsimus,
1182 1943 1350 2010 obierunt.
1521 1971 1550 2008 rs

428 2235 627 2304 EXPLICIT
659 2236 789 2304 LIBER
820 2237 1029 2322 QUINTUS,
1059 2237 1232 2306 FlNlTUS
1265 2240 1307 2304 IN
1338 2240 1459 2306 ANNO

615 2353 781 2434 QUINTO
808 2354 1101 2420 CHILDEBERTI
1127 2353 1269 2420 REGIS.
