<?xml version="1.0" encoding="UTF-8"?>
<!DOCTYPE html PUBLIC "-//W3C//DTD XHTML 1.0 Transitional//EN"
    "http://www.w3.org/TR/xhtml1/DTD/xhtml1-transitional.dtd">
<html xmlns="http://www.w3.org/1999/xhtml" xml:lang="en" lang="en">
 <head>
  <title>
</title>
<meta http-equiv="Content-Type" content="text/html;charset=utf-8" />
  <meta name='ocr-system' content='tesseract 3.04.00' />
  <meta name='ocr-capabilities' content='ocr_page ocr_carea ocr_par ocr_line ocrx_word'/>
</head>
<body>
  <div class='ocr_page' id='page_1' title='image "./grgoiredetoursh00greggoog_0212.png"; bbox 0 0 3256 5144; ppageno 0'>
   <div class='ocr_carea' id='block_1_1' title="bbox 345 371 1264 451">
    <p class='ocr_par' dir='ltr' id='par_1_1' title="bbox 345 371 1264 451">
     <span class='ocr_line' id='line_1_1' title="bbox 345 371 1264 451; baseline -0.003 -1"><span class='ocrx_word' id='word_1_1' title='bbox 345 404 390 450; x_wconf 75' lang='lat'><strong>150</strong></span> <span class='ocrx_word' id='word_1_2' title='bbox 632 371 788 451; x_wconf 70' lang='lat' dir='ltr'><strong>Giueoass</strong></span> <span class='ocrx_word' id='word_1_3' title='bbox 807 391 1014 449; x_wconf 78' lang='lat' dir='ltr'>TURONENSIS</span> <span class='ocrx_word' id='word_1_4' title='bbox 1030 399 1180 448; x_wconf 80' lang='lat' dir='ltr'>EPISCOPI</span> <span class='ocrx_word' id='word_1_5' title='bbox 1262 387 1264 391; x_wconf 41' lang='lat'>¹</span> 
     </span>
    </p>
   </div>
   <div class='ocr_carea' id='block_1_2' title="bbox 225 517 1519 2040">
    <p class='ocr_par' dir='ltr' id='par_1_2' title="bbox 225 517 1609 2040">
     <span class='ocr_line' id='line_1_2' title="bbox 347 517 1465 605; baseline -0.004 -21"><span class='ocrx_word' id='word_1_6' title='bbox 347 517 493 586; x_wconf 76' lang='lat' dir='ltr'><strong>cucurrit</strong></span> <span class='ocrx_word' id='word_1_7' title='bbox 527 518 703 598; x_wconf 89' lang='lat' dir='ltr'><strong>velociter;</strong></span> <span class='ocrx_word' id='word_1_8' title='bbox 732 519 910 605; x_wconf 86' lang='lat' dir='ltr'><strong>increpans</strong></span> <span class='ocrx_word' id='word_1_9' title='bbox 942 518 1130 599; x_wconf 90' lang='lat' dir='ltr'><strong>hominem,</strong></span> <span class='ocrx_word' id='word_1_10' title='bbox 1155 517 1209 581; x_wconf 84' lang='lat' dir='ltr'><strong>vix</strong></span> <span class='ocrx_word' id='word_1_11' title='bbox 1236 517 1405 593; x_wconf 81' lang='lat' dir='ltr'>obtenuit,</span> <span class='ocrx_word' id='word_1_12' title='bbox 1427 527 1465 579; x_wconf 91' lang='lat' dir='ltr'><strong>ut</strong></span> 
     </span>
     <span class='ocr_line' id='line_1_3' title="bbox 347 618 1464 712; baseline -0.005 -24"><span class='ocrx_word' id='word_1_13' title='bbox 347 622 600 712; x_wconf 64' lang='lat' dir='ltr'><strong>detegerentur</strong></span> <span class='ocrx_word' id='word_1_14' title='bbox 615 624 851 689; x_wconf 80' lang='lat' dir='ltr'><strong>Verumtamen</strong></span> <span class='ocrx_word' id='word_1_15' title='bbox 869 645 1009 710; x_wconf 88' lang='lat' dir='ltr'><strong>puerum</strong></span> <span class='ocrx_word' id='word_1_16' title='bbox 1020 619 1129 686; x_wconf 88' lang='lat' dir='ltr'><strong>vivum</strong></span> <span class='ocrx_word' id='word_1_17' title='bbox 1146 620 1298 707; x_wconf 65' lang='lat' dir='ltr'><strong>eatraxit,</strong></span> <span class='ocrx_word' id='word_1_18' title='bbox 1319 618 1464 707; x_wconf 80' lang='lat' dir='ltr'>puellam</span> 
     </span>
     <span class='ocr_line' id='line_1_4' title="bbox 345 720 1464 812; baseline -0.005 -24"><span class='ocrx_word' id='word_1_19' title='bbox 345 747 424 788; x_wconf 76' lang='lat' dir='ltr'><strong>vero</strong></span> <span class='ocrx_word' id='word_1_20' title='bbox 446 725 596 812; x_wconf 90' lang='lat' dir='ltr'><strong>repperit</strong></span> <span class='ocrx_word' id='word_1_21' title='bbox 612 721 830 790; x_wconf 82' lang='lat' dir='ltr'><strong>suffocatam.</strong></span> <span class='ocrx_word' id='word_1_22' title='bbox 856 725 893 787; x_wconf 91' lang='lat' dir='ltr'><strong>ln</strong></span> <span class='ocrx_word' id='word_1_23' title='bbox 926 721 1047 787; x_wconf 87' lang='lat' dir='ltr'><strong>talibus</strong></span> <span class='ocrx_word' id='word_1_24' title='bbox 1079 723 1167 786; x_wconf 90' lang='lat' dir='ltr'><strong>enim</strong></span> <span class='ocrx_word' id='word_1_25' title='bbox 1195 720 1353 810; x_wconf 81' lang='lat' dir='ltr'>operibus</span> <span class='ocrx_word' id='word_1_26' title='bbox 1379 743 1464 807; x_wconf 84' lang='lat' dir='ltr'><strong>quae</strong></span> 
     </span>
     <span class='ocr_line' id='line_1_5' title="bbox 346 822 1462 915; baseline -0.006 -24"><span class='ocrx_word' id='word_1_27' title='bbox 346 827 512 915; x_wconf 85' lang='lat' dir='ltr'><strong>perversis</strong></span> <span class='ocrx_word' id='word_1_28' title='bbox 531 827 647 904; x_wconf 87' lang='lat' dir='ltr'><strong>rebus,</strong></span> <span class='ocrx_word' id='word_1_29' title='bbox 669 825 759 890; x_wconf 84' lang='lat' dir='ltr'><strong>unde</strong></span> <span class='ocrx_word' id='word_1_30' title='bbox 783 849 849 890; x_wconf 88' lang='lat' dir='ltr'><strong>non</strong></span> <span class='ocrx_word' id='word_1_31' title='bbox 877 823 1033 889; x_wconf 82' lang='lat' dir='ltr'><strong>inmerito</strong></span> <span class='ocrx_word' id='word_1_32' title='bbox 1057 824 1170 889; x_wconf 88' lang='lat' dir='ltr'><strong>taliter</strong></span> <span class='ocrx_word' id='word_1_33' title='bbox 1187 822 1331 888; x_wconf 84' lang='lat' dir='ltr'><strong>excessit</strong></span> <span class='ocrx_word' id='word_1_34' title='bbox 1348 822 1462 899; x_wconf 88' lang='lat' dir='ltr'><strong>avita,</strong></span> 
     </span>
     <span class='ocr_line' id='line_1_6' title="bbox 347 923 1511 1017; baseline -0.006 -25"><span class='ocrx_word' id='word_1_35' title='bbox 347 927 497 1016; x_wconf 73' lang='lat' dir='ltr'><strong>qui‘talia</strong></span> <span class='ocrx_word' id='word_1_36' title='bbox 521 927 644 1017; x_wconf 85' lang='lat' dir='ltr'><strong>gessit,</strong></span> <span class='ocrx_word' id='word_1_37' title='bbox 665 950 739 991; x_wconf 90' lang='lat' dir='ltr'><strong>eum</strong></span> <span class='ocrx_word' id='word_1_38' title='bbox 756 926 921 994; x_wconf 85' lang='lat' dir='ltr'><strong>frueretur</strong></span> <span class='ocrx_word' id='word_1_39' title='bbox 937 928 1023 992; x_wconf 89' lang='lat' dir='ltr'><strong>hane</strong></span> <span class='ocrx_word' id='word_1_40' title='bbox 1045 926 1163 1005; x_wconf 82' lang='lat' dir='ltr'><strong>vitam3</strong></span> <span class='ocrx_word' id='word_1_41' title='bbox 1185 924 1276 1014; x_wconf 92' lang='lat' dir='ltr'><strong>quod</strong></span> <span class='ocrx_word' id='word_1_42' title='bbox 1295 923 1330 988; x_wconf 91' lang='lat' dir='ltr'><strong>in</strong></span> <span class='ocrx_word' id='word_1_43' title='bbox 1350 935 1464 1012; x_wconf 89' lang='lat' dir='ltr'><strong>poste·</strong></span> <span class='ocrx_word' id='word_1_44' title='bbox 1497 949 1511 985; x_wconf 85' lang='lat'>5</span> 
     </span>
     <span class='ocr_line' id='line_1_7' title="bbox 347 1029 748 1120; baseline -0.007 -26"><span class='ocrx_word' id='word_1_45' title='bbox 347 1055 418 1096; x_wconf 88' lang='lat' dir='ltr'><strong>rum</strong></span> <span class='ocrx_word' id='word_1_46' title='bbox 434 1029 605 1120; x_wconf 87' lang='lat' dir='ltr'><strong>degesturi</strong></span> <span class='ocrx_word' id='word_1_47' title='bbox 622 1053 748 1094; x_wconf 87' lang='lat' dir='ltr'><strong>sumus.</strong></span> 
     </span>
     <span class='ocr_line' id='line_1_8' title="bbox 392 1129 1466 1223; baseline -0.007 -24"><span class='ocrx_word' id='word_1_48' title='bbox 392 1134 504 1223; x_wconf 90' lang='lat' dir='ltr'><strong>Syggo</strong></span> <span class='ocrx_word' id='word_1_49' title='bbox 520 1156 653 1221; x_wconf 89' lang='lat' dir='ltr'><strong>qunque</strong></span> <span class='ocrx_word' id='word_1_50' title='bbox 674 1131 938 1210; x_wconf 85' lang='lat' dir='ltr'><strong>referendarius,</strong></span> <span class='ocrx_word' id='word_1_51' title='bbox 956 1134 1013 1221; x_wconf 91' lang='lat' dir='ltr'><strong>qui</strong></span> <span class='ocrx_word' id='word_1_52' title='bbox 1034 1132 1167 1196; x_wconf 90' lang='lat' dir='ltr'><strong>anolum</strong></span> <span class='ocrx_word' id='word_1_53' title='bbox 1183 1132 1272 1219; x_wconf 90' lang='lat' dir='ltr'><strong>regis</strong></span> <span class='ocrx_word' id='word_1_54' title='bbox 1296 1129 1466 1219; x_wconf 86' lang='lat' dir='ltr'><strong>Sygiberti</strong></span> 
     </span>
     <span class='ocr_line' id='line_1_9' title="bbox 225 1230 1467 1324; baseline -0.004 -24"><span class='ocrx_word' id='word_1_55' title='bbox 225 1246 282 1296; x_wconf 80' lang='lat' dir='ltr'><strong>rot.</strong></span> <span class='ocrx_word' id='word_1_56' title='bbox 294 1247 332 1294; x_wconf 79' lang='lat'><strong>62.</strong></span> <span class='ocrx_word' id='word_1_57' title='bbox 344 1247 499 1300; x_wconf 81' lang='lat' dir='ltr'><strong>tenuerat</strong></span> <span class='ocrx_word' id='word_1_58' title='bbox 521 1247 554 1300; x_wconf 89' lang='lat' dir='ltr'><strong>et</strong></span> <span class='ocrx_word' id='word_1_59' title='bbox 578 1235 619 1300; x_wconf 87' lang='lat' dir='ltr'><strong>ab</strong></span> <span class='ocrx_word' id='word_1_60' title='bbox 644 1233 836 1322; x_wconf 86' lang='lat' dir='ltr'><strong>Chilperico</strong></span> <span class='ocrx_word' id='word_1_61' title='bbox 858 1235 929 1324; x_wconf 87' lang='lat' dir='ltr'><strong>regi</strong></span> <span class='ocrx_word' id='word_1_62' title='bbox 950 1235 964 1323; x_wconf 75' lang='grc' dir='ltr'>Η</span> <span class='ocrx_word' id='word_1_63' title='bbox 981 1246 1180 1322; x_wconf 89' lang='lat' dir='ltr'><strong>provocatus</strong></span> <span class='ocrx_word' id='word_1_64' title='bbox 1201 1244 1290 1312; x_wconf 89' lang='lat' dir='ltr'><strong>erat,</strong></span> <span class='ocrx_word' id='word_1_65' title='bbox 1307 1243 1344 1296; x_wconf 88' lang='lat' dir='ltr'><strong>ut</strong></span> <span class='ocrx_word' id='word_1_66' title='bbox 1364 1230 1467 1296; x_wconf 88' lang='lat' dir='ltr'><strong>servi·</strong></span> 
     </span>
     <span class='ocr_line' id='line_1_10' title="bbox 345 1334 1467 1427; baseline -0.004 -24"><span class='ocrx_word' id='word_1_67' title='bbox 345 1337 440 1416; x_wconf 88' lang='lat' dir='ltr'><strong>tium,</strong></span> <span class='ocrx_word' id='word_1_68' title='bbox 473 1337 562 1426; x_wconf 91' lang='lat' dir='ltr'><strong>quod</strong></span> <span class='ocrx_word' id='word_1_69' title='bbox 596 1348 747 1427; x_wconf 88' lang='lat' dir='ltr'><strong>tempore</strong></span> <span class='ocrx_word' id='word_1_70' title='bbox 776 1336 869 1402; x_wconf 86' lang='lat' dir='ltr'><strong>fratri</strong></span> <span class='ocrx_word' id='word_1_71' title='bbox 898 1361 959 1402; x_wconf 87' lang='lat' dir='ltr'><strong>suo</strong></span> <span class='ocrx_word' id='word_1_72' title='bbox 989 1339 1171 1414; x_wconf 81' lang='lat' dir='ltr'><strong>habuerat,</strong></span> <span class='ocrx_word' id='word_1_73' title='bbox 1209 1334 1389 1413; x_wconf 90' lang='lat' dir='ltr'><strong>obtineret,</strong></span> <span class='ocrx_word' id='word_1_74' title='bbox 1426 1334 1467 1398; x_wconf 88' lang='lat' dir='ltr'><strong>ad</strong></span> 
     </span>
     <span class='ocr_line' id='line_1_11' title="bbox 346 1437 1515 1530; baseline -0.005 -24"><span class='ocrx_word' id='word_1_75' title='bbox 346 1439 599 1506; x_wconf 86' lang='lat' dir='ltr'><strong>Childebertum</strong></span> <span class='ocrx_word' id='word_1_76' title='bbox 622 1464 752 1530; x_wconf 90' lang='lat' dir='ltr'><strong>regem,</strong></span> <span class='ocrx_word' id='word_1_77' title='bbox 782 1438 943 1528; x_wconf 88' lang='lat' dir='ltr'><strong>Sigiberti</strong></span> <span class='ocrx_word' id='word_1_78' title='bbox 966 1439 1091 1517; x_wconf 87' lang='lat' dir='ltr'><strong>filium,</strong></span> <span class='ocrx_word' id='word_1_79' title='bbox 1116 1439 1234 1503; x_wconf 89' lang='lat' dir='ltr'><strong>relicto</strong></span> <span class='ocrx_word' id='word_1_80' title='bbox 1253 1437 1466 1526; x_wconf 85' lang='lat' dir='ltr'><strong>Chilperico,</strong></span> <span class='ocrx_word' id='word_1_81' title='bbox 1486 1462 1515 1500; x_wconf 83' lang='lat' dir='ltr'><strong>ro</strong></span> 
     </span>
     <span class='ocr_line' id='line_1_12' title="bbox 253 1537 1466 1631; baseline 0.002 -28"><span class='ocrx_word' id='word_1_82' title='bbox 253 1595 255 1603; x_wconf 93' lang='lat'><em>.</em></span> <span class='ocrx_word' id='word_1_83' title='bbox 344 1543 515 1622; x_wconf 82' lang='lat' dir='ltr'><strong>transivit,</strong></span> <span class='ocrx_word' id='word_1_84' title='bbox 551 1565 671 1631; x_wconf 87' lang='lat' dir='ltr'><strong>resque</strong></span> <span class='ocrx_word' id='word_1_85' title='bbox 705 1543 792 1620; x_wconf 88' lang='lat' dir='ltr'><strong>eius,</strong></span> <span class='ocrx_word' id='word_1_86' title='bbox 831 1566 913 1629; x_wconf 88' lang='lat' dir='ltr'><strong>quas</strong></span> <span class='ocrx_word' id='word_1_87' title='bbox 956 1541 990 1605; x_wconf 91' lang='lat' dir='ltr'><strong>in</strong></span> <span class='ocrx_word' id='word_1_88' title='bbox 1025 1542 1248 1607; x_wconf 89' lang='lat' dir='ltr'><strong>Suessioneco</strong></span> <span class='ocrx_word' id='word_1_89' title='bbox 1285 1537 1466 1620; x_wconf 76' lang='lat' dir='ltr'><strong>habuerat,</strong></span> 
     </span>
     <span class='ocr_line' id='line_1_13' title="bbox 346 1642 1470 1732; baseline -0.005 -20"><span class='ocrx_word' id='word_1_90' title='bbox 346 1645 534 1712; x_wconf 68' lang='lat' dir='ltr'><strong>ansoaldus</strong></span> <span class='ocrx_word' id='word_1_91' title='bbox 559 1643 724 1712; x_wconf 85' lang='lat' dir='ltr'><strong>obtenuit.</strong></span> <span class='ocrx_word' id='word_1_92' title='bbox 754 1643 850 1709; x_wconf 89' lang='lat' dir='ltr'><strong>Multi</strong></span> <span class='ocrx_word' id='word_1_93' title='bbox 879 1656 989 1708; x_wconf 87' lang='lat' dir='ltr'><strong>autem</strong></span> <span class='ocrx_word' id='word_1_94' title='bbox 1016 1657 1049 1708; x_wconf 91' lang='lat' dir='ltr'><strong>et</strong></span> <span class='ocrx_word' id='word_1_95' title='bbox 1071 1642 1125 1708; x_wconf 87' lang='lat' dir='ltr'><strong>alii</strong></span> <span class='ocrx_word' id='word_1_96' title='bbox 1147 1644 1189 1708; x_wconf 90' lang='lat' dir='ltr'><strong>de</strong></span> <span class='ocrx_word' id='word_1_97' title='bbox 1218 1644 1271 1708; x_wconf 92' lang='lat' dir='ltr'><strong>his</strong></span> <span class='ocrx_word' id='word_1_98' title='bbox 1289 1642 1348 1732; x_wconf 92' lang='lat' dir='ltr'><strong>qui</strong></span> <span class='ocrx_word' id='word_1_99' title='bbox 1371 1667 1405 1707; x_wconf 89' lang='lat' dir='ltr'><strong>se</strong></span> <span class='ocrx_word' id='word_1_100' title='bbox 1427 1642 1470 1707; x_wconf 94' lang='lat' dir='ltr'><strong>de</strong></span> 
     </span>
     <span class='ocr_line' id='line_1_14' title="bbox 348 1744 1467 1836; baseline -0.001 -26"><span class='ocrx_word' id='word_1_101' title='bbox 348 1748 484 1836; x_wconf 84' lang='lat' dir='ltr'><strong>regione</strong></span> <span class='ocrx_word' id='word_1_102' title='bbox 512 1744 673 1836; x_wconf 87' lang='lat' dir='ltr'><strong>Sigiberti</strong></span> <span class='ocrx_word' id='word_1_103' title='bbox 693 1745 735 1812; x_wconf 88' lang='lat' dir='ltr'><strong>ad</strong></span> <span class='ocrx_word' id='word_1_104' title='bbox 760 1745 986 1835; x_wconf 87' lang='lat' dir='ltr'><strong>Chilpericum</strong></span> <span class='ocrx_word' id='word_1_105' title='bbox 1012 1745 1219 1812; x_wconf 83' lang='lat' dir='ltr'><strong>tradiderant</strong></span> <span class='ocrx_word' id='word_1_106' title='bbox 1244 1756 1467 1812; x_wconf 86' lang='lat' dir='ltr'><strong>recesserunt.</strong></span> 
     </span>
     <span class='ocr_line' id='line_1_15' title="bbox 347 1847 1472 1938; baseline -0.004 -22"><span class='ocrx_word' id='word_1_107' title='bbox 347 1851 438 1916; x_wconf 82' lang='lat' dir='ltr'><strong>Uxor</strong></span> <span class='ocrx_word' id='word_1_108' title='bbox 466 1872 599 1937; x_wconf 88' lang='lat' dir='ltr'><strong>quoqne</strong></span> <span class='ocrx_word' id='word_1_109' title='bbox 624 1849 792 1938; x_wconf 87' lang='lat' dir='ltr'><strong>Syggonis</strong></span> <span class='ocrx_word' id='word_1_110' title='bbox 816 1873 884 1914; x_wconf 92' lang='lat' dir='ltr'><strong>non</strong></span> <span class='ocrx_word' id='word_1_111' title='bbox 907 1848 1146 1936; x_wconf 85' lang='lat' dir='ltr'><strong>postmultum</strong></span> <span class='ocrx_word' id='word_1_112' title='bbox 1170 1848 1333 1937; x_wconf 87' lang='lat' dir='ltr'><strong>temporis</strong></span> <span class='ocrx_word' id='word_1_113' title='bbox 1362 1847 1472 1938; x_wconf 89' lang='lat' dir='ltr'><strong>spatio</strong></span> 
     </span>
     <span class='ocr_line' id='line_1_16' title="bbox 348 1949 1519 2040; baseline -0.003 -24"><span class='ocrx_word' id='word_1_114' title='bbox 348 1949 451 2030; x_wconf 78' lang='lat' dir='ltr'><strong>obiit3</strong></span> <span class='ocrx_word' id='word_1_115' title='bbox 471 1949 717 2016; x_wconf 85' lang='lat' dir='ltr'><strong>sedillealiam</strong></span> <span class='ocrx_word' id='word_1_116' title='bbox 738 1949 1012 2040; x_wconf 89' lang='lat' dir='ltr'><strong>rursusaccepit.</strong></span> <span class='ocrx_word' id='word_1_117' title='bbox 1485 1976 1519 2014; x_wconf 77' lang='lat'><strong>15</strong></span> 
     </span>
    </p>
   </div>
   <div class='ocr_carea' id='block_1_3' title="bbox 344 2130 1609 4176">
    <p class='ocr_par' dir='ltr' id='par_1_3' title="bbox 344 2130 1609 4176">
     <span class='ocr_line' id='line_1_17' title="bbox 394 2130 1472 2220; baseline -0.001 -23"><span class='ocrx_word' id='word_1_118' title='bbox 394 2133 467 2197; x_wconf 84' lang='lat'><em>1111.</em></span> <span class='ocrx_word' id='word_1_119' title='bbox 495 2130 553 2199; x_wconf 92' lang='lat' dir='ltr'><strong>His</strong></span> <span class='ocrx_word' id='word_1_120' title='bbox 571 2130 692 2197; x_wconf 90' lang='lat' dir='ltr'><strong>diebus</strong></span> <span class='ocrx_word' id='word_1_121' title='bbox 711 2131 920 2198; x_wconf 87' lang='lat' dir='ltr'><strong>Roccolenus</strong></span> <span class='ocrx_word' id='word_1_122' title='bbox 938 2131 979 2195; x_wconf 86' lang='lat' dir='ltr'><strong>ad</strong></span> <span class='ocrx_word' id='word_1_123' title='bbox 996 2130 1188 2220; x_wconf 90' lang='lat' dir='ltr'><strong>Chilperico</strong></span> <span class='ocrx_word' id='word_1_124' title='bbox 1204 2135 1357 2197; x_wconf 86' lang='lat' dir='ltr'><strong>Toronus</strong></span> <span class='ocrx_word' id='word_1_125' title='bbox 1375 2132 1472 2196; x_wconf 88' lang='lat' dir='ltr'><strong>adve-</strong></span> 
     </span>
     <span class='ocr_line' id='line_1_18' title="bbox 351 2231 1470 2324; baseline 0.003 -27"><span class='ocrx_word' id='word_1_126' title='bbox 351 2231 402 2298; x_wconf 86' lang='lat' dir='ltr'><strong>nit</strong></span> <span class='ocrx_word' id='word_1_127' title='bbox 419 2257 492 2298; x_wconf 88' lang='lat' dir='ltr'><strong>eum</strong></span> <span class='ocrx_word' id='word_1_128' title='bbox 513 2257 633 2324; x_wconf 87' lang='lat' dir='ltr'><strong>magua</strong></span> <span class='ocrx_word' id='word_1_129' title='bbox 651 2233 827 2312; x_wconf 83' lang='lat' dir='ltr'><strong>iaetantia,</strong></span> <span class='ocrx_word' id='word_1_130' title='bbox 855 2246 887 2298; x_wconf 90' lang='lat' dir='ltr'><strong>et</strong></span> <span class='ocrx_word' id='word_1_131' title='bbox 911 2233 997 2298; x_wconf 87' lang='lat' dir='ltr'><strong>ultra</strong></span> <span class='ocrx_word' id='word_1_132' title='bbox 1021 2235 1171 2324; x_wconf 87' lang='lat' dir='ltr'><strong>Ligerem</strong></span> <span class='ocrx_word' id='word_1_133' title='bbox 1193 2246 1301 2298; x_wconf 88' lang='lat' dir='ltr'><strong>castra</strong></span> <span class='ocrx_word' id='word_1_134' title='bbox 1319 2258 1470 2322; x_wconf 87' lang='lat' dir='ltr'><strong>ponens,</strong></span> 
     </span>
     <span class='ocr_line' id='line_1_19' title="bbox 353 2335 1475 2428; baseline 0.001 -27"><span class='ocrx_word' id='word_1_135' title='bbox 353 2337 488 2401; x_wconf 90' lang='lat' dir='ltr'><strong>nuntios</strong></span> <span class='ocrx_word' id='word_1_136' title='bbox 512 2335 644 2400; x_wconf 32' lang='lat' dir='ltr'><strong>advnos</strong></span> <span class='ocrx_word' id='word_1_137' title='bbox 673 2336 811 2416; x_wconf 81' lang='lat' dir='ltr'><strong>direxit,</strong></span> <span class='ocrx_word' id='word_1_138' title='bbox 836 2349 872 2402; x_wconf 88' lang='lat' dir='ltr'><strong>ut</strong></span> <span class='ocrx_word' id='word_1_139' title='bbox 897 2335 1026 2403; x_wconf 86' lang='lat' dir='ltr'><strong>seilicet</strong></span> <span class='ocrx_word' id='word_1_140' title='bbox 1057 2338 1365 2416; x_wconf 86' lang='lat' dir='ltr'><strong>Guntchramnum,</strong></span> <span class='ocrx_word' id='word_1_141' title='bbox 1387 2337 1444 2427; x_wconf 93' lang='lat' dir='ltr'><strong>qui</strong></span> <span class='ocrx_word' id='word_1_142' title='bbox 1460 2335 1475 2428; x_wconf 83' lang='grc' dir='ltr'><strong>ΙΙ</strong></span> 
     </span>
     <span class='ocr_line' id='line_1_20' title="bbox 353 2437 1474 2527; baseline 0 -23"><span class='ocrx_word' id='word_1_143' title='bbox 353 2452 433 2505; x_wconf 90' lang='lat' dir='ltr'><strong>tunc</strong></span> <span class='ocrx_word' id='word_1_144' title='bbox 454 2438 496 2505; x_wconf 91' lang='lat' dir='ltr'><strong>de</strong></span> <span class='ocrx_word' id='word_1_145' title='bbox 517 2451 623 2507; x_wconf 88' lang='lat' dir='ltr'><strong>morte</strong></span> <span class='ocrx_word' id='word_1_146' title='bbox 649 2439 879 2505; x_wconf 87' lang='lat' dir='ltr'><strong>Theodoberti</strong></span> <span class='ocrx_word' id='word_1_147' title='bbox 905 2438 1132 2527; x_wconf 90' lang='lat' dir='ltr'><strong>inpedibatur,</strong></span> <span class='ocrx_word' id='word_1_148' title='bbox 1158 2463 1175 2501; x_wconf 87' lang='lat' dir='ltr'><strong>a</strong></span> <span class='ocrx_word' id='word_1_149' title='bbox 1197 2437 1335 2504; x_wconf 88' lang='lat' dir='ltr'><strong>basilica</strong></span> <span class='ocrx_word' id='word_1_150' title='bbox 1360 2453 1474 2505; x_wconf 87' lang='lat' dir='ltr'><strong>sancta</strong></span> 
     </span>
     <span class='ocr_line' id='line_1_21' title="bbox 354 2541 1519 2627; baseline -0.001 -20"><span class='ocrx_word' id='word_1_151' title='bbox 354 2542 553 2608; x_wconf 89' lang='lat' dir='ltr'><strong>deberemus</strong></span> <span class='ocrx_word' id='word_1_152' title='bbox 578 2543 764 2610; x_wconf 87' lang='lat' dir='ltr'><strong>extrahere.</strong></span> <span class='ocrx_word' id='word_1_153' title='bbox 788 2543 886 2627; x_wconf 92' lang='lat' dir='ltr'><strong>Quod</strong></span> <span class='ocrx_word' id='word_1_154' title='bbox 908 2541 935 2606; x_wconf 87' lang='lat' dir='ltr'><strong>si</strong></span> <span class='ocrx_word' id='word_1_155' title='bbox 952 2566 1019 2608; x_wconf 91' lang='lat' dir='ltr'><strong>non</strong></span> <span class='ocrx_word' id='word_1_156' title='bbox 1035 2541 1235 2622; x_wconf 80' lang='lat' dir='ltr'><strong>feneremus,</strong></span> <span class='ocrx_word' id='word_1_157' title='bbox 1257 2555 1289 2606; x_wconf 90' lang='lat' dir='ltr'><strong>et</strong></span> <span class='ocrx_word' id='word_1_158' title='bbox 1306 2541 1474 2610; x_wconf 87' lang='lat' dir='ltr'><strong>civitatem</strong></span> <span class='ocrx_word' id='word_1_159' title='bbox 1488 2570 1519 2607; x_wconf 78' lang='lat' dir='ltr'><strong>an</strong></span> 
     </span>
     <span class='ocr_line' id='line_1_22' title="bbox 355 2644 1475 2731; baseline 0.001 -21"><span class='ocrx_word' id='word_1_160' title='bbox 355 2658 388 2710; x_wconf 91' lang='lat' dir='ltr'><strong>et</strong></span> <span class='ocrx_word' id='word_1_161' title='bbox 403 2645 514 2728; x_wconf 84' lang='lat' dir='ltr'><strong>omnia</strong></span> <span class='ocrx_word' id='word_1_162' title='bbox 529 2646 721 2710; x_wconf 90' lang='lat' dir='ltr'><strong>suburbana</strong></span> <span class='ocrx_word' id='word_1_163' title='bbox 739 2644 809 2712; x_wconf 91' lang='lat' dir='ltr'><strong>eius</strong></span> <span class='ocrx_word' id='word_1_164' title='bbox 825 2645 956 2710; x_wconf 90' lang='lat' dir='ltr'><strong>iuberet</strong></span> <span class='ocrx_word' id='word_1_165' title='bbox 969 2645 1126 2711; x_wconf 89' lang='lat' dir='ltr'><strong>incendio</strong></span> <span class='ocrx_word' id='word_1_166' title='bbox 1150 2669 1376 2710; x_wconf 85' lang='lat' dir='ltr'><strong>concremare.</strong></span> <span class='ocrx_word' id='word_1_167' title='bbox 1399 2650 1475 2731; x_wconf 88' lang='lat' dir='ltr'><strong>Quo</strong></span> 
     </span>
     <span class='ocr_line' id='line_1_23' title="bbox 355 2745 1476 2837; baseline 0.002 -26"><span class='ocrx_word' id='word_1_168' title='bbox 355 2747 488 2825; x_wconf 89' lang='lat' dir='ltr'><strong>auditu,</strong></span> <span class='ocrx_word' id='word_1_169' title='bbox 512 2745 681 2812; x_wconf 90' lang='lat' dir='ltr'><strong>mittemus</strong></span> <span class='ocrx_word' id='word_1_170' title='bbox 706 2747 747 2812; x_wconf 89' lang='lat' dir='ltr'><strong>ad</strong></span> <span class='ocrx_word' id='word_1_171' title='bbox 765 2772 851 2812; x_wconf 83' lang='lat' dir='ltr'><strong>-eum</strong></span> <span class='ocrx_word' id='word_1_172' title='bbox 878 2746 1098 2837; x_wconf 89' lang='lat' dir='ltr'><strong>legationem,</strong></span> <span class='ocrx_word' id='word_1_173' title='bbox 1122 2746 1291 2826; x_wconf 90' lang='lat' dir='ltr'><strong>dicentes,</strong></span> <span class='ocrx_word' id='word_1_174' title='bbox 1317 2749 1399 2813; x_wconf 90' lang='lat' dir='ltr'><strong>haec</strong></span> <span class='ocrx_word' id='word_1_175' title='bbox 1433 2751 1476 2813; x_wconf 88' lang='lat' dir='ltr'><strong>ab</strong></span> 
     </span>
     <span class='ocr_line' id='line_1_24' title="bbox 356 2848 1476 2940; baseline 0.002 -27"><span class='ocrx_word' id='word_1_176' title='bbox 356 2851 493 2940; x_wconf 90' lang='lat' dir='ltr'><strong>antiquo</strong></span> <span class='ocrx_word' id='word_1_177' title='bbox 505 2849 590 2914; x_wconf 86' lang='lat' dir='ltr'><strong>sacta</strong></span> <span class='ocrx_word' id='word_1_178' title='bbox 611 2873 678 2914; x_wconf 91' lang='lat' dir='ltr'><strong>non</strong></span> <span class='ocrx_word' id='word_1_179' title='bbox 694 2848 813 2928; x_wconf 89' lang='lat' dir='ltr'><strong>fuisse,</strong></span> <span class='ocrx_word' id='word_1_180' title='bbox 828 2874 916 2939; x_wconf 49' lang='lat' dir='ltr'><strong>¹quae</strong></span> <span class='ocrx_word' id='word_1_181' title='bbox 933 2849 989 2915; x_wconf 92' lang='lat' dir='ltr'><strong>hic</strong></span> <span class='ocrx_word' id='word_1_182' title='bbox 1005 2849 1076 2914; x_wconf 89' lang='lat' dir='ltr'><strong>fieri</strong></span> <span class='ocrx_word' id='word_1_183' title='bbox 1097 2850 1318 2938; x_wconf 88' lang='lat' dir='ltr'><strong>deposcebat;</strong></span> <span class='ocrx_word' id='word_1_184' title='bbox 1336 2850 1395 2914; x_wconf 91' lang='lat' dir='ltr'><strong>sed</strong></span> <span class='ocrx_word' id='word_1_185' title='bbox 1412 2876 1476 2916; x_wconf 89' lang='lat' dir='ltr'><strong>nee</strong></span> 
     </span>
     <span class='ocr_line' id='line_1_25' title="bbox 344 2951 1476 3042; baseline 0.001 -25"><span class='ocrx_word' id='word_1_186' title='bbox 344 2953 455 3032; x_wconf 75' lang='lat' dir='ltr'><strong>¹‚modo</strong></span> <span class='ocrx_word' id='word_1_187' title='bbox 476 2951 632 3040; x_wconf 89' lang='lat' dir='ltr'><strong>permitte</strong></span> <span class='ocrx_word' id='word_1_188' title='bbox 648 2976 761 3040; x_wconf 90' lang='lat' dir='ltr'><strong>posse,</strong></span> <span class='ocrx_word' id='word_1_189' title='bbox 777 2965 824 3018; x_wconf 85' lang='lat' dir='ltr'><strong>ut</strong></span> <span class='ocrx_word' id='word_1_190' title='bbox 835 2952 973 3018; x_wconf 88' lang='lat' dir='ltr'><strong>basilica</strong></span> <span class='ocrx_word' id='word_1_191' title='bbox 989 2966 1104 3017; x_wconf 87' lang='lat' dir='ltr'><strong>sancta</strong></span> <span class='ocrx_word' id='word_1_192' title='bbox 1117 2952 1314 3031; x_wconf 73' lang='lat' dir='ltr'><strong>violaretur,</strong></span> <span class='ocrx_word' id='word_1_193' title='bbox 1338 2953 1429 3042; x_wconf 92' lang='lat' dir='ltr'><strong>quod</strong></span> <span class='ocrx_word' id='word_1_194' title='bbox 1448 2954 1476 3018; x_wconf 93' lang='lat' dir='ltr'><strong>si</strong></span> 
     </span>
     <span class='ocr_line' id='line_1_26' title="bbox 357 3052 1609 3145; baseline 0 -25"><span class='ocrx_word' id='word_1_195' title='bbox 357 3056 469 3134; x_wconf 86' lang='lat' dir='ltr'><strong>fieret,</strong></span> <span class='ocrx_word' id='word_1_196' title='bbox 493 3077 554 3120; x_wconf 90' lang='lat' dir='ltr'><strong>nec</strong></span> <span class='ocrx_word' id='word_1_197' title='bbox 582 3052 647 3123; x_wconf 91' lang='lat' dir='ltr'><strong>sibi</strong></span> <span class='ocrx_word' id='word_1_198' title='bbox 665 3056 957 3144; x_wconf 83' lang='lat' dir='ltr'><strong>foreprosperum</strong></span> <span class='ocrx_word' id='word_1_199' title='bbox 980 3081 1041 3121; x_wconf 88' lang='lat' dir='ltr'><strong>nec</strong></span> <span class='ocrx_word' id='word_1_200' title='bbox 1067 3081 1164 3145; x_wconf 89' lang='lat' dir='ltr'><strong>rege,</strong></span> <span class='ocrx_word' id='word_1_201' title='bbox 1199 3055 1255 3144; x_wconf 90' lang='lat' dir='ltr'><strong>qui</strong></span> <span class='ocrx_word' id='word_1_202' title='bbox 1280 3057 1362 3121; x_wconf 90' lang='lat' dir='ltr'><strong>haec</strong></span> <span class='ocrx_word' id='word_1_203' title='bbox 1387 3058 1520 3122; x_wconf 76' lang='lat' dir='ltr'><strong>iussaan</strong></span> <span class='ocrx_word' id='word_1_204' title='bbox 1608 3077 1609 3090; x_wconf 64' lang='lat'>²</span> 
     </span>
     <span class='ocr_line' id='line_1_27' title="bbox 358 3157 1475 3251; baseline 0 -29"><span class='ocrx_word' id='word_1_205' title='bbox 358 3157 567 3238; x_wconf 87' lang='lat' dir='ltr'><strong>mandasset;</strong></span> <span class='ocrx_word' id='word_1_206' title='bbox 607 3158 877 3245; x_wconf 84' lang='lat' dir='ltr'><strong>metueretquae¹</strong></span> <span class='ocrx_word' id='word_1_207' title='bbox 908 3159 1013 3251; x_wconf 89' lang='lat' dir='ltr'><strong>magis</strong></span> <span class='ocrx_word' id='word_1_208' title='bbox 1043 3158 1253 3223; x_wconf 90' lang='lat' dir='ltr'><strong>sanctitatem</strong></span> <span class='ocrx_word' id='word_1_209' title='bbox 1290 3158 1475 3239; x_wconf 89' lang='lat' dir='ltr'><strong>antestitis,</strong></span> 
     </span>
     <span class='ocr_line' id='line_1_28' title="bbox 358 3259 1477 3350; baseline 0.001 -25"><span class='ocrx_word' id='word_1_210' title='bbox 358 3261 451 3327; x_wconf 91' lang='lat' dir='ltr'><strong>cuius</strong></span> <span class='ocrx_word' id='word_1_211' title='bbox 466 3260 570 3326; x_wconf 88' lang='lat' dir='ltr'><strong>virtus</strong></span> <span class='ocrx_word' id='word_1_212' title='bbox 586 3260 743 3328; x_wconf 88' lang='lat' dir='ltr'><strong>hesterna</strong></span> <span class='ocrx_word' id='word_1_213' title='bbox 760 3259 814 3326; x_wconf 93' lang='lat' dir='ltr'><strong>die</strong></span> <span class='ocrx_word' id='word_1_214' title='bbox 826 3262 998 3350; x_wconf 87' lang='lat' dir='ltr'><strong>paralitica</strong></span> <span class='ocrx_word' id='word_1_215' title='bbox 1015 3262 1164 3326; x_wconf 90' lang='lat' dir='ltr'><strong>membra</strong></span> <span class='ocrx_word' id='word_1_216' title='bbox 1178 3259 1364 3328; x_wconf 88' lang='lat' dir='ltr'><strong>direxisset.</strong></span> <span class='ocrx_word' id='word_1_217' title='bbox 1384 3261 1477 3328; x_wconf 90' lang='lat' dir='ltr'><strong>Nihil</strong></span> 
     </span>
     <span class='ocr_line' id='line_1_29' title="bbox 358 3362 1477 3454; baseline 0 -26"><span class='ocrx_word' id='word_1_218' title='bbox 358 3364 410 3428; x_wconf 89' lang='lat' dir='ltr'><strong>his</strong></span> <span class='ocrx_word' id='word_1_219' title='bbox 435 3362 714 3443; x_wconf 82' lang='lat' dir='ltr'><strong>illeformidans,</strong></span> <span class='ocrx_word' id='word_1_220' title='bbox 744 3388 817 3428; x_wconf 92' lang='lat' dir='ltr'><strong>cum</strong></span> <span class='ocrx_word' id='word_1_221' title='bbox 846 3366 881 3429; x_wconf 92' lang='lat' dir='ltr'><strong>in</strong></span> <span class='ocrx_word' id='word_1_222' title='bbox 909 3365 1007 3431; x_wconf 90' lang='lat' dir='ltr'><strong>domo</strong></span> <span class='ocrx_word' id='word_1_223' title='bbox 1037 3363 1178 3430; x_wconf 87' lang='lat' dir='ltr'><strong>eclesiae</strong></span> <span class='ocrx_word' id='word_1_224' title='bbox 1212 3364 1298 3428; x_wconf 87' lang='lat' dir='ltr'><strong>ultra</strong></span> <span class='ocrx_word' id='word_1_225' title='bbox 1325 3363 1477 3454; x_wconf 91' lang='lat' dir='ltr'><strong>Ligerem</strong></span> 
     </span>
     <span class='ocr_line' id='line_1_30' title="bbox 358 3465 1475 3557; baseline 0.002 -27"><span class='ocrx_word' id='word_1_226' title='bbox 358 3466 540 3546; x_wconf 85' lang='lat' dir='ltr'><strong>resederet,</strong></span> <span class='ocrx_word' id='word_1_227' title='bbox 568 3466 703 3530; x_wconf 91' lang='lat' dir='ltr'><strong>domum</strong></span> <span class='ocrx_word' id='word_1_228' title='bbox 730 3465 852 3553; x_wconf 87' lang='lat' dir='ltr'><strong>ipsam,</strong></span> <span class='ocrx_word' id='word_1_229' title='bbox 881 3492 965 3557; x_wconf 89' lang='lat' dir='ltr'><strong>quae</strong></span> <span class='ocrx_word' id='word_1_230' title='bbox 985 3467 1085 3532; x_wconf 90' lang='lat' dir='ltr'><strong>clavis</strong></span> <span class='ocrx_word' id='word_1_231' title='bbox 1117 3466 1475 3545; x_wconf 82' lang='lat' dir='ltr'><strong>adfixaerat,.disfixit.</strong></span> 
     </span>
     <span class='ocr_line' id='line_1_31' title="bbox 359 3568 1521 3659; baseline -0.001 -25"><span class='ocrx_word' id='word_1_232' title='bbox 359 3571 454 3658; x_wconf 91' lang='lat' dir='ltr'><strong>Ipsos</strong></span> <span class='ocrx_word' id='word_1_233' title='bbox 485 3591 617 3657; x_wconf 87' lang='lat' dir='ltr'><strong>quoque</strong></span> <span class='ocrx_word' id='word_1_234' title='bbox 635 3615 637 3620; x_wconf 69' lang='lat'><strong>,</strong></span> <span class='ocrx_word' id='word_1_235' title='bbox 652 3568 762 3634; x_wconf 89' lang='lat' dir='ltr'><strong>clavos</strong></span> <span class='ocrx_word' id='word_1_236' title='bbox 787 3570 1042 3649; x_wconf 89' lang='lat' dir='ltr'><strong>Cenomannici,</strong></span> <span class='ocrx_word' id='word_1_237' title='bbox 1074 3571 1130 3659; x_wconf 92' lang='lat' dir='ltr'><strong>qui</strong></span> <span class='ocrx_word' id='word_1_238' title='bbox 1158 3583 1238 3636; x_wconf 90' lang='lat' dir='ltr'><strong>tunc</strong></span> <span class='ocrx_word' id='word_1_239' title='bbox 1259 3593 1333 3634; x_wconf 90' lang='lat' dir='ltr'><strong>cum</strong></span> <span class='ocrx_word' id='word_1_240' title='bbox 1359 3569 1521 3636; x_wconf 73' lang='lat' dir='ltr'><strong>eodemne</strong></span> 
     </span>
     <span class='ocr_line' id='line_1_32' title="bbox 359 3669 1479 3762; baseline 0.002 -26"><span class='ocrx_word' id='word_1_241' title='bbox 359 3671 578 3750; x_wconf 85' lang='lat' dir='ltr'><strong>advenerant,</strong></span> <span class='ocrx_word' id='word_1_242' title='bbox 600 3669 749 3759; x_wconf 89' lang='lat' dir='ltr'><strong>impletis</strong></span> <span class='ocrx_word' id='word_1_243' title='bbox 770 3671 906 3738; x_wconf 86' lang='lat' dir='ltr'><strong>follibus</strong></span> <span class='ocrx_word' id='word_1_244' title='bbox 930 3685 1084 3762; x_wconf 87' lang='lat' dir='ltr'><strong>portant,</strong></span> <span class='ocrx_word' id='word_1_245' title='bbox 1112 3695 1243 3736; x_wconf 89' lang='lat' dir='ltr'><strong>annona</strong></span> <span class='ocrx_word' id='word_1_246' title='bbox 1268 3684 1421 3736; x_wconf 89' lang='lat' dir='ltr'><strong>evertunt</strong></span> <span class='ocrx_word' id='word_1_247' title='bbox 1446 3686 1479 3738; x_wconf 89' lang='lat' dir='ltr'><strong>et</strong></span> 
     </span>
     <span class='ocr_line' id='line_1_33' title="bbox 361 3772 1478 3863; baseline 0.002 -25"><span class='ocrx_word' id='word_1_248' title='bbox 361 3786 481 3840; x_wconf 88' lang='lat' dir='ltr'><strong>cuneta</strong></span> <span class='ocrx_word' id='word_1_249' title='bbox 502 3772 686 3838; x_wconf 83' lang='lat' dir='ltr'><strong>devastant.</strong></span> <span class='ocrx_word' id='word_1_250' title='bbox 715 3775 782 3841; x_wconf 88' lang='lat' dir='ltr'><strong>Sed</strong></span> <span class='ocrx_word' id='word_1_251' title='bbox 807 3773 885 3843; x_wconf 90' lang='lat' dir='ltr'><strong>dum</strong></span> <span class='ocrx_word' id='word_1_252' title='bbox 915 3777 997 3841; x_wconf 89' lang='lat' dir='ltr'><strong>haec</strong></span> <span class='ocrx_word' id='word_1_253' title='bbox 1023 3774 1232 3842; x_wconf 89' lang='lat' dir='ltr'><strong>Roeeolenus</strong></span> <span class='ocrx_word' id='word_1_254' title='bbox 1260 3773 1344 3863; x_wconf 88' lang='lat' dir='ltr'><strong>agit,</strong></span> <span class='ocrx_word' id='word_1_255' title='bbox 1368 3799 1386 3838; x_wconf 90' lang='lat' dir='ltr'><strong>a</strong></span> <span class='ocrx_word' id='word_1_256' title='bbox 1406 3777 1478 3840; x_wconf 92' lang='lat' dir='ltr'><strong>Deo</strong></span> 
     </span>
     <span class='ocr_line' id='line_1_34' title="bbox 360 3875 1480 3967; baseline 0.002 -27"><span class='ocrx_word' id='word_1_257' title='bbox 360 3875 556 3966; x_wconf 82' lang='lat' dir='ltr'><strong>percipitur,</strong></span> <span class='ocrx_word' id='word_1_258' title='bbox 569 3877 755 3964; x_wconf 88' lang='lat' dir='ltr'><strong>morboque</strong></span> <span class='ocrx_word' id='word_1_259' title='bbox 765 3876 858 3967; x_wconf 90' lang='lat' dir='ltr'><strong>regio</strong></span> <span class='ocrx_word' id='word_1_260' title='bbox 870 3903 1007 3944; x_wconf 89' lang='lat' dir='ltr'><strong>croceus</strong></span> <span class='ocrx_word' id='word_1_261' title='bbox 1021 3876 1171 3954; x_wconf 86' lang='lat' dir='ltr'><strong>effectus,</strong></span> <span class='ocrx_word' id='word_1_262' title='bbox 1190 3877 1351 3941; x_wconf 84' lang='lat' dir='ltr'><strong>mandata</strong></span> <span class='ocrx_word' id='word_1_263' title='bbox 1361 3901 1480 3964; x_wconf 88' lang='lat' dir='ltr'><strong>aspera</strong></span> 
     </span>
     <span class='ocr_line' id='line_1_35' title="bbox 361 3976 1479 4070; baseline -0.001 -25"><span class='ocrx_word' id='word_1_264' title='bbox 361 3977 512 4057; x_wconf 89' lang='lat' dir='ltr'><strong>remittit,</strong></span> <span class='ocrx_word' id='word_1_265' title='bbox 532 3976 678 4044; x_wconf 84' lang='lat' dir='ltr'><strong>dicens:</strong></span> <span class='ocrx_word' id='word_1_266' title='bbox 701 3979 810 4048; x_wconf 67' lang='lat' dir='ltr'><strong>a-,Nisi</strong></span> <span class='ocrx_word' id='word_1_267' title='bbox 831 3979 931 4046; x_wconf 90' lang='lat' dir='ltr'><strong>hodie</strong></span> <span class='ocrx_word' id='word_1_268' title='bbox 952 3979 1169 4070; x_wconf 88' lang='lat' dir='ltr'><strong>proieceretis</strong></span> <span class='ocrx_word' id='word_1_269' title='bbox 1190 3981 1479 4044; x_wconf 89' lang='lat' dir='ltr'><strong>Guntchramnum</strong></span> 
     </span>
     <span class='ocr_line' id='line_1_36' title="bbox 361 4079 1609 4176; baseline 0.002 -30"><span class='ocrx_word' id='word_1_270' title='bbox 361 4079 479 4154; x_wconf 84' lang='lat' dir='ltr'><strong>ducem</strong></span> <span class='ocrx_word' id='word_1_271' title='bbox 498 4079 539 4146; x_wconf 91' lang='lat' dir='ltr'><strong>de</strong></span> <span class='ocrx_word' id='word_1_272' title='bbox 558 4079 708 4160; x_wconf 87' lang='lat' dir='ltr'><strong>basilica,</strong></span> <span class='ocrx_word' id='word_1_273' title='bbox 721 4082 767 4146; x_wconf 89' lang='lat' dir='ltr'><strong>ita</strong></span> <span class='ocrx_word' id='word_1_274' title='bbox 788 4095 907 4148; x_wconf 89' lang='lat' dir='ltr'><strong>cuncta</strong></span> <span class='ocrx_word' id='word_1_275' title='bbox 917 4082 1057 4148; x_wconf 84' lang='lat' dir='ltr'><strong>virentia</strong></span> <span class='ocrx_word' id='word_1_276' title='bbox 1074 4107 1158 4172; x_wconf 90' lang='lat' dir='ltr'><strong>quae</strong></span> <span class='ocrx_word' id='word_1_277' title='bbox 1171 4083 1346 4148; x_wconf 86' lang='lat' dir='ltr'><strong>suntcirea</strong></span> <span class='ocrx_word' id='word_1_278' title='bbox 1363 4083 1480 4148; x_wconf 87' lang='lat' dir='ltr'><strong>urbem</strong></span> <span class='ocrx_word' id='word_1_279' title='bbox 1494 4109 1522 4148; x_wconf 77' lang='lat' dir='ltr'><strong>aa</strong></span> <span class='ocrx_word' id='word_1_280' title='bbox 1608 4135 1609 4176; x_wconf 67' lang='lat'><strong>,</strong></span> 
     </span>
    </p>
   </div>
   <div class='ocr_carea' id='block_1_4' title="bbox 393 4318 704 4380">
    <p class='ocr_par' dir='ltr' id='par_1_4' title="bbox 393 4318 704 4380">
     <span class='ocr_line' id='line_1_37' title="bbox 393 4318 704 4380; baseline -0.003 -15"><span class='ocrx_word' id='word_1_281' title='bbox 393 4318 414 4365; x_wconf 82' lang='lat'><strong>1.</strong></span> <span class='ocrx_word' id='word_1_282' title='bbox 434 4319 505 4364; x_wconf 85' lang='lat' dir='ltr'><strong>Corr.</strong></span> <span class='ocrx_word' id='word_1_283' title='bbox 519 4320 704 4380; x_wconf 85' lang='lat' dir='ltr'><strong>metueretque.</strong></span> 
     </span>
    </p>
   </div>
   <div class='ocr_carea' id='block_1_5' title="bbox 0 0 1658 5144">
    <p class='ocr_par' dir='ltr' id='par_1_5' title="bbox 0 0 1658 5144">
     <span class='ocr_line' id='line_1_38' title="bbox 0 0 1658 5144; baseline 0 0"><span class='ocrx_word' id='word_1_284' title='bbox 0 0 1658 5144; x_wconf 95' lang='lat' dir='ltr'><strong> </strong></span> 
     </span>
    </p>
   </div>
  </div>
 </body>
</html>
