3226 5156
374 615 425 646 nen
439 597 584 648 minuisset.
603 601 636 648 Et
651 617 667 648 a
685 600 828 649 maioribus
844 599 950 664 quidem
967 619 1027 650 cam
1044 605 1102 650 'rixa
1117 607 1144 652 ἐι
1161 603 1284 652 scandalo
1304 605 1450 662 auferebat,
1472 622 1486 653 a

373 661 517 711 mineribus
534 669 622 711 autem
632 663 759 711 violenter
775 663 923 726 diripiebat.
942 664 1041 721 Quibus
1054 672 1080 713 et
1091 681 1108 714 a
1124 665 1232 730 quibus,
1247 673 1276 714 ut
1286 667 1384 716 Sollius
1399 673 1490 716 noster

374 723 422 778 ait,
436 740 482 772 nee
492 724 571 772 dabat
584 726 845 788 pretia'eentemnens
858 741 905 774 uec
917 727 1061 790 accipiebat
1073 727 1246 776 instrumenta
1258 729 1410 792 desperans.

403 785 467 834 Erat
481 787 550 834 enim
562 793 624 835 tunc
640 788 766 852 temperis
782 787 935 836 Anastasius
973 789 1091 846 resbiter,
1110 789 1240 854 ingenuus
1257 805 1364 854 genere,
1419 792 1510 856 'pers

346 863 350 870 ·
372 845 476 896 chartas
497 850 628 914 gloriosae
650 851 791 900 memoriae
814 805 1013 916 Cbredichiiidis.
1030 852 1136 916 reginae
1154 853 1350 918 ¹proprietatem
1371 805 1486 918 cliricum

372 910 532 972 possidebat.
549 912 631 969 Quem
647 913 800 977 plerumque
816 919 972 962 conventum
988 912 1127 978 episcopus
1148 923 1226 978 rogat
1243 916 1406 979 suppliciter,
1419 923 1449 965 ιιι
1463 917 1485 964 ei

372 972 477 1020 chartas
490 974 655 1036 supradictae
670 976 775 1038 reginae
791 975 866 1022 daret
881 975 982 1040 sibique
997 978 1191 1039 possessiouem
1207 977 1275 1026 hunc
1290 979 1421 1027 subderet.
1436 980 1486 1030 Sed

371 1034 416 1083 ille
425 1051 485 1084 cum
495 1037 656 1086 uoluntatem
670 1038 812 1086 sacerdotis
825 1036 987 1101 suiimplere
999 1039 1129 1098 differret,
1145 1056 1254 1104 eumque
1269 1041 1408 1105 episcopus
1418 1057 1485 1090 uune

371 1095 507 1146 blanditiis
516 1106 682 1162 provocaret,
693 1116 761 1148 nune
774 1099 852 1147 minis
864 1103 988 1160 terreret3
1001 1101 1167 1150 ad·ultimum
1177 1102 1289 1150 invitum
1299 1103 1358 1150 urbi
1371 1101 1485 1152 exhiheri
1499 1111 1522 1148 te

371 1160 520 1224 praecepit,
533 1161 620 1226 ibique
630 1162 795 1226 impudenter
807 1163 889 1210 tenen
901 1169 939 1220 et,
950 1163 1002 1210 nisi
1013 1163 1186 1213 instrumenta
1195 1165 1285 1228 daret,
1295 1165 1399 1226 iniuriis
1409 1166 1484 1214 adiici

372 1228 397 1270 ct
410 1224 476 1270 fame
489 1225 579 1287 negari
595 1225 681 1273 iussit.
698 1225 749 1272 Sed
767 1224 812 1272 ille
826 1224 897 1272 virili
907 1241 940 1272 re
962 1242 1063 1289 uguans
1082 1227 1185 1290 spiritu,
1206 1244 1350 1292 numquam
1364 1228 1485 1291 praebuit

370 1283 556 1344 instrumenta,
569 1285 670 1345 dicens,
685 1287 767 1336 satius
782 1286 832 1334 sibi
846 1301 904 1334 esse
916 1303 931 1334 a
960 1293 1064 1352 tempus
1074 1288 1162 1338 inedia
1172 1290 1306 1338 tabescere
1314 1305 1396 1400 poam
1408 1291 1485 1339 sobo·

370 1347 423 1396 lem
438 1347 466 1394 in
475 1355 610 1410 posterum
620 1351 744 1398 miseram
756 1349 910 1413 derelinqui.
924 1349 995 1398 Tunc
1012 1367 1042 1398 er
1054 1351 1128 1418 iussu
1140 1367 1153 1398 e
1174 1351 1257 1416 isco'pi
1271 1359 1312 1401 tra
1332 1352 1385 1402 itur
1397 1359 1485 1402 custo-

371 1407 463 1468 dibus,
474 1416 515 1468 ut,
526 1410 577 1459 nisi
589 1411 637 1460 has
646 1411 761 1460 cartulas
770 1411 903 1476 proderet,
919 1410 986 1460 fame
994 1419 1138 1462 necaretur.
1171 1420 1213 1462 rat
1225 1414 1294 1462 enim
1303 1415 1337 1463 ad
1348 1415 1484 1464 basilicam
1498 1421 1521 1461 15

372 1471 455 1524 saneti
473 1472 558 1522 Cassii
574 1475 698 1538 martyris
712 1475 797 1538 cripta
817 1473 1000 1538 antiquissima
1018 1475 1246 1550 abditissimaque,
1263 1478 1306 1525 ubi
1323 1484 1379 1526 erut
1396 1479 1484 1542 sepul·

370 1551 444 1582 crum
456 1551 581 1598 magnum
593 1553 624 1584 ex
636 1552 765 1584 marmore
777 1535 884 1593 Phario,
896 1535 924 1583 in
937 1553 988 1599 quo
997 1538 1140 1600 grandaevi
1152 1539 1289 1588 cuiusdam
1300 1539 1415 1588 hominis
1427 1557 1484 1588 eor·

389 1614 420 1645 us
430 1597 546 1661 positum
557 1599 703 1648 videbatur.
714 1601 744 1647 ln
753 1599 802 1646 boc
812 1599 932 1662 sepulcro
940 1615 1019 1663 super
1029 1601 1160 1663 sepultum
1171 1601 1263 1650 vivens
1270 1601 1401 1665 presbiter
1411 1618 1485 1667 sepe-

370 1613 434 1708 iitur
452 1661 619 1726 operiturque
635 1661 735 1725 lapide,
758 1678 809 1725 quo
827 1662 901 1725 prius
920 1663 1086 1726 sarcofagum
1108 1662 1156 1711 tuit
1176 1664 1320 1724 obtectum,
1342 1664 1484 1716 datis2ante

369 1723 467 1771 ostium
485 1724 648 1772 ¹custodibus.
669 1724 719 1772 Sed
738 1723 858 1771 custodes
877 1723 936 1778 fidi,
958 1724 1027 1788 quod
1043 1721 1131 1789 lapide
1149 1727 1319 1790 premeretur,
1336 1743 1397 1774 curu
1417 1733 1485 1776 esset
1496 1735 1519 1774 tu

237 1787 291 1835 Col.
306 1785 358 1838 151.
369 1783 485 1848 hiemps,
499 1801 606 1834 accenso
618 1787 692 1849 igne,
707 1786 767 1834 vino
785 1785 863 1848 sopiti
882 1785 980 1842 aalide,
998 1785 1202 1835 obdormierunt.
1218 1789 1250 1836 At
1261 1789 1400 1852 presbiter,
1417 1796 1484 1838 ιιιιι-

369 1863 449 1910 quam
457 1863 541 1896 novus
551 1849 626 1896 lonas
637 1851 657 1906 ¹,
671 1849 743 1896 velut
752 1848 785 1895 de
794 1851 804 1910 ΙΙ
812 1854 902 1896 ventre
911 1847 1001 1904 inferi,
1012 1849 1050 1897 ita
1061 1849 1093 1897 de
1105 1849 1270 1900 conclusione
1278 1852 1374 1900 tumuli
1382 1852 1485 1902 Domini

369 1909 576 1959 misericordiam
588 1911 733 1974 flagitabat:
746 1911 779 1958 Et
793 1907 1027 1974 quia'spatiosum,
1045 1917 1074 1958 ut
1087 1912 1213 1970 diximus,
1227 1919 1284 1962 erat
1303 1909 1483 1978 sarcofagum,

369 1972 418 2020 etsi
429 1989 456 2020 se
467 1973 600 2036 integrum
617 1979 717 2021 vertere
729 1987 781 2022 non
796 1977 914 2035 poterat,
935 1989 1028 2021 manns
1044 1980 1131 2022 tamen
1147 1974 1174 2022 in
1196 1982 1270 2039 parte
1286 1989 1338 2039 qua
1358 1977 1485 2025 voluisset

369 2034 450 2083 libere
461 2035 622 2083 extendebat.
634 2035 757 2083 Manabat
768 2037 838 2082 euim
849 2051 879 2082 ex
891 2035 995 2084 ossibus
1006 2036 1114 2093 mortui,
1128 2043 1157 2084 ut
1169 2037 1226 2101 ipse
1238 2040 1334 2086 reterre
1347 2045 1404 2086 erut
1421 2039 1484 2088 soli·
1496 2043 1520 2082 ab

367 2103 426 2154 tus,
440 2099 522 2145 foetor
531 2098 627 2154 letalis,
656 2097 683 2145 ui
693 2113 744 2145 nen
755 2097 840 2145 solum
848 2104 961 2154 externa,
972 2113 1064 2145 verum
1076 2100 1155 2146 etiam
1164 2099 1267 2148 interna
1284 2101 1414 2149 viseerum
1424 2117 1485 2166 qua·

368 2160 458 2207 tiebat.
472 2160 587 2223 Cumque
601 2113 713 2224 pailium
725 2160 811 2222 aditus
824 2160 927 2207 narium
941 2160 1087 2220 obseraret,
1106 2162 1231 2224 quamdiu
1247 2164 1338 2212 flatum
1352 2165 1483 2212 continere

367 2227 483 2286 peterat,
507 2222 572 2282 nihil
588 2223 733 2285 pessimum
752 2222 890 2279 sentiebat,
910 2222 956 2270 ubi
974 2229 1061 2285 autem
1080 2239 1106 2271 se
1123 2225 1199 2288 quasi
1218 2225 1340 2272 suffocari
1360 2227 1482 2289 potabat,

368 2290 467 2332 remoto
476 2283 613 2349 paululum
621 2285 659 2332 'ab
670 2301 713 2333 ere
723 2285 817 2349 pallio,
830 2299 882 2332 non
894 2285 971 2332 modo
983 2287 1030 2350 per
1042 2285 1071 2338 os
1082 2289 1127 2333 aut
1135 2301 1225 2342 nares,
1243 2287 1426 2336 verumetiam
1438 2305 1484 2354 per¹

367 2346 376 2394 i
398 2363 440 2394 sas
450 2383 455 2402 ,
467 2353 496 2394 ut
505 2347 543 2394 ita
553 2346 650 2405 dicam,
665 2363 741 2395 aures
751 2348 857 2395 odoram
869 2345 1024 2411 pestiferam
1034 2347 1179 2402 hauriebat.
1191 2349 1259 2404 Quid
1268 2350 1364 2414 plura?
1375 2349 1483 2408 Quando
1496 2357 1519 2394 ιι

368 2361 502 2457 iiivinituti
510 2428 522 2468 ,·
531 2414 559 2456 ut
571 2409 647 2473 erede
654 2426 660 2466 ,
672 2409 817 2466 condoluit,
831 2425 937 2474 manum
947 2409 1080 2464 dexterum
1091 2407 1124 2458 ad
1138 2411 1266 2475 spondam
1283 2414 1384 2460 sarreia
1407 2413 1412 2424 '
1426 2419 1482 2461 ten-

368 2471 420 2534 dit,
435 2471 582 2536 reperitque
601 2478 713 2528 vectem,
737 2473 781 2536 qui
800 2472 937 2520 decedente
957 2473 1104 2536 opertorio,
1129 2469 1197 2520 inter
1217 2473 1305 2538 ipsum
1330 2475 1366 2538 ae
1395 2476 1483 2524 ubium

368 2551 395 2582 sc
416 2535 482 2582 uleri
504 2532 673 2582 'remanserat
697 2535 780 2591 Quem
824 2535 934 2582 aulatim
951 2547 1131 2596 commovens,
1158 2535 1239 2583 sensit
1259 2533 1419 2600 cooperante·
1439 2535 1483 2586 Dei

368 2613 383 2644 u
403 2597 512 2654 rutorio,
527 2596 642 2661 lapidem
654 2591 777 2646 amoveri.
789 2551 884 2644 tinum
893 2597 938 2644 ubi
952 2597 989 2644 ita
1002 2597 1206 2656 mmotumtuit,
1220 2605 1249 2646 ιιι
1262 2598 1393 2663 presbiter
1405 2605 1483 2664 caput
1507 2651 1510 2662 ¹

369 2658 431 2707 toris
442 2661 575 2718 educeret,
588 2659 713 2708 maiorem
723 2677 774 2724 que
784 2665 853 2707 totus'
865 2657 998 2721 egreditur
1006 2659 1106 2707 aditum
1117 2659 1226 2720 liberius
1239 2661 1370 2723 patefecit.
1380 2661 1482 2710 Interea
1495 2665 1519 2706 35

367 2739 382 2770 o
403 2715 544 2770 orientibus
561 2723 694 2771 nocturnis
713 2721 827 2770 tenebris
846 2721 930 2779 diem,
953 2738 999 2769 nec
1018 2721 1103 2769 adbuc
1120 2725 1306 2786 usquequaque
1325 2723 1437 2782 diffusis,
1450 2722 1482 2772 ad

367 2739 449 2832 siim
462 2785 561 2849 criptae
571 2783 668 2833 ostium
677 2785 751 2848 petit.
768 2785 831 2831 Erat
843 2782 912 2832 enim
925 2783 990 2831 seris
1003 2783 1153 2832 fortissimis
1170 2783 1251 2833 clavis
1274 2801 1303 2832 ue
1322 2784 1482 2835 firmissimis

366 2849 530 2905 obseratum,
548 2854 726 2896 verumtamen
740 2863 791 2894 non
810 2851 866 2893 erut
881 2845 919 2892 ita
934 2846 1089 2909 levigatum,
1108 2853 1137 2895 nt
1150 2847 1218 2910 inter
1237 2802 1342 2896 tibulus
1365 2849 1483 2914 aspicere

366 2909 444 2958 bomo
458 2927 509 2958 non
520 2912 613 2975 pessit.
625 2910 663 2956 Ad
671 2909 718 2956 bes
732 2908 818 2956 aditus
830 2907 961 2972 presbiter
969 2915 1048 2972 caput
1057 2903 1166 2957 reclinat
1175 2909 1288 2958 advertit
1306 2925 1338 2958 ue
1349 2911 1483 2960 bominem

366 2973 436 3020 viam
448 2967 664 3038 praetereuntem.
682 2971 769 3027 Hunc,
786 2971 848 3018 licet
863 2984 925 3018 voce
939 2973 1023 3030 tenui,
1042 2977 1126 3020 vocat.
1144 2969 1256 3020 Exaudit
1272 2973 1280 3019 i
1303 2989 1330 3030 e;
1341 2989 1389 3035 ¹nec
1408 2990 1481 3022 meru
1494 2979 1519 3017 to

366 3049 483 3094 securem
502 3052 580 3084 manu
595 3041 701 3092 tenens,
720 3033 797 3082 sudes
816 3033 934 3099 ligneos,
954 3033 1049 3100 quibus
1069 3033 1149 3082 serae'
1160 3035 1371 3094 continebantur,
1389 3036 1481 3085 incidit

366 3098 516 3162 aditumque
525 3097 671 3162 presbitero
678 3091 809 3160 patefecit.
818 3095 904 3144 At'ille
914 3096 945 3144 de
955 3103 1029 3144 nocte
1038 3096 1213 3206 praeteriens,
1225 3097 1257 3144 ad
1268 3097 1375 3146 domum
1383 3100 1480 3164 pergit,

366 3160 431 3208 satis
442 3161 529 3210 virum
541 3160 694 3216 obsecrans,
717 3175 748 3206 ne
766 3159 799 3206 de
814 3159 862 3206 hoe
884 3159 1005 3222 cuiquam
1022 3175 1037 3206 a
1048 3159 1110 3222 iqua
1126 3166 1253 3208 narraret.
1274 3160 1384 3208 Domum
1400 3162 1482 3225 igitur

366 3217 441 3270 suain
458 3223 607 3297 ingressus,
624 3223 651 3270 in
672 3217 757 3269 uisitis
773 3221 866 3280 cartis,
887 3237 951 3284 quas
962 3221 993 3268 'ei
1010 3217 1158 3269 memoratri¹
1172 3222 1264 3286 regina
1279 3221 1435 3282 tradiderat,
1448 3221 1480 3270 ad

232 3303 278 3352 001
301 3304 344 3352 15⁰
365 3281 546 3348 Chlbtburrum
558 3301 647 3348 regem
654 3239 753 3343 defert,
767 3283 899 3340 indicans,
911 3283 1024 3346 qualiter
1035 3286 1045 3345 ΙΙ
1056 3284 1089 3331 ab
1101 3284 1225 3356 episcopo
1233 3301 1279 3333 sue
1290 3285 1381 3333 vivens
1394 3285 1480 3350 sepul·
1492 3289 1517 3328 45

281 3341 286 3352 '
332 3339 353 3352 '⁸
364 3353 439 3395 turae
449 3349 532 3396 iuerat
546 3347 721 3412 mancipatus,
737 3345 946 3411 stupescentibus
959 3351 1046 3394 autem
1058 3346 1178 3393 omnibus
1191 3351 1217 3393 et
1228 3343 1390 3405 dicentibus,
1402 3351 1479 3397 nuut-

365 3426 444 3474 quam
460 3411 502 3457 vel
518 3411 645 3458 Neronem
666 3410 707 3457 rel
723 3408 851 3456 Herodem
862 3409 914 3456 tale
932 3409 1033 3456 facinus
1050 3414 1230 3472 perpetrasse,
1242 3416 1276 3474 ¹ut
1296 3411 1374 3458 home
1390 3411 1480 3459 vivens

365 3473 485 3536 sepulcro
499 3465 690 3520 reconderetur.
697 3471 808 3520 Advenit
818 3478 905 3520 autem
915 3470 947 3518 ad
956 3470 1233 3534 Chlothariumregern
1246 3471 1370 3520 Cuntinus
1378 3473 1481 3538 episco7

363 3551 427 3598 pus,
439 3534 484 3582 scd
494 3541 632 3582 accusante
644 3534 805 3600 presbitero,
817 3534 901 3581 victus
911 3535 1085 3597 contususque
1097 3532 1225 3580 discessit.
1239 3534 1371 3583 Presbitcr
1382 3539 1477 3594 autem,

365 3597 477 3662 acceptis
487 3613 502 3646 a
512 3613 572 3660 rege
585 3595 825 3662 praeceptionibus,
837 3611 878 3643 res
892 3611 953 3643 suas
965 3601 994 3642 ut
1010 3595 1088 3642 libuit
1099 3595 1244 3642 defensavit
1260 3597 1429 3662 posseditque
1449 3613 1478 3646 uc
1491 3599 1518 3639 5⁰

365 3659 419 3708 suis
451 3661 544 3708 esteris
563 3651 709 3724 dereliquit.
724 3659 753 3707 ln
769 3657 978 3706 Cautinouutem
994 3657 1059 3706 nihil
1079 3657 1174 3713 saneti,
1192 3655 1259 3704 nihil
1297 3661 1353 3706 ensi
1372 3661 1429 3708 tuit.
1443 3661 1478 3709 Dc

364 3676 485 3770 omnibus
502 3723 571 3770 enim
591 3722 742 3795 scripturis,
764 3725 820 3768 tam
839 3719 1023 3768 ecelesiasticis
1051 3735 1130 3783 quam
1152 3675 1343 3779 saecularibus,
1369 3723 1480 3788 adplene

363 3785 487 3833 immunis
499 3785 554 3833 tuit.
569 3784 671 3832 Iudaers
684 3784 759 3832 valde
767 3801 843 3831 carus
852 3799 882 3831 ac
888 3781 1008 3830 subditus
1019 3789 1086 3840 erat,
1099 3797 1149 3830 non
1157 3797 1205 3846 pro
1219 3781 1310 3840 salute,
1325 3790 1353 3831 ut
1365 3783 1479 3859 postoris

363 3865 426 3896 cura
436 3848 512 3896 debet
523 3863 580 3895 esse
592 3845 716 3904 sollicita,
731 3845 776 3893 sed
787 3863 836 3909 pro
843 3844 1026 3909 comparandis
1040 3844 1189 3908 speciebus,
1204 3861 1269 3908 quas
1281 3863 1340 3894 cum
1350 3847 1392 3895 hrc
1401 3849 1477 3896 blan-

363 3910 472 3969 diretur,
481 3918 506 3958 et
517 3909 557 3958 illi
568 3926 595 3958 se
607 3907 756 3958 adulatores
768 3907 981 3956 manifestissime
990 3907 1164 3966 declararent,
1179 3907 1272 3955 maiori
1282 3926 1361 3972 quam
1373 3917 1477 3958 consta·
1492 3908 1518 3950 5⁵

363 3973 520 4039 bantpretio
530 3971 724 4024 venundabant.
752 4025 755 4032 ,
1398 3988 1401 3996 ’

405 4075 481 4187 ‘VIII
495 4114 571 4204 (13).
590 4117 776 4180 Chramnus
788 4135 867 4177 vere
889 4075 1072 4178 hisdiebus
1090 4113 1178 4201 apud
1188 4119 1375 4180 Arvernum
1394 4141 1478 4182 rese-

395 4313 416 4360 1.
435 4311 474 4360 Gi.
488 4312 564 4360 Ionas
578 4311 609 4369 2,
625 4311 647 4357 3.

374 423 419 470 ιιι
655 423 812 472 caraem
830 423 1037 474 'recursans
1054 393 1205 476 urrseorr

374 537 439 586 fines
449 509 624 586 eiustermino
636 538 830 596 adhaesissent,
848 539 983 587 interitum
996 521 1046 590 sihi
1058 547 1176 614 putaret,
1195 542 1217 589 si
1232 542 1266 590 ab
1280 541 1379 591 eisdem
1388 542 1485 609 aliquid

1584 4825 1585 4918 i

1584 4921 1585 4954 ι

1584 4983 1585 5040 l

1584 5053 1585 5097 l
