3220 5158
357 378 362 394 ⁸
394 427 558 478 lllSTORlAE
574 425 775 476 FRANCORUM
792 425 888 474 LIBER
908 425 940 472 11.
1194 428 1222 472 35

103 571 189 636 quae
213 545 303 610 caeci
327 544 445 634 reliqui
470 558 546 610 ante
574 531 781 622 meruerunt,
808 566 893 631 quae
923 541 1067 629 laeprosi
1094 543 1222 630 experti

104 659 195 727 sunt,
219 673 302 738 quae
318 646 391 736 ipse
407 649 527 712 mortui
537 657 806 735 praesenserunt.
824 643 951 710 Adiuro
966 655 998 708 te
1015 642 1028 734 ll
1045 667 1105 732 per
1116 644 1223 731 ipsam
1236 655 1289 702 Fol.
1304 656 1332 702 15
1343 661 1381 701 v0.

103 750 263 816 virtutem
281 773 380 838 quam
393 750 516 830 habes,
533 761 571 816 ut
587 749 668 814 mihi
686 748 908 814 desideratam
927 745 1081 812 restituas
1101 746 1222 824 lucem,

105 853 184 943 quia
200 877 300 944 grave
323 877 395 918 sum
413 853 572 918 caecitate
592 875 783 942 percussus.
807 877 824 912 n
841 848 1023 917 Veritatem
1040 849 1128 914 enim
1148 872 1224 912 nes·

76 955 220 1035 sciens,
247 953 366 1021 verum
386 954 539 1035 dicebat,
564 953 642 1044 quia
663 941 854 1021 caecaverat
883 967 959 1016 eum
984 949 1167 1038 cupiditas,
1194 962 1227 1014 ot

105 1058 265 1124 virtutem
285 1059 347 1122 Dei
372 1056 611 1146 omnipotentis
631 1056 778 1142 inridere
797 1079 858 1143 per
877 1052 1054 1143 pecuniam
1072 1051 1225 1118 aestima-

107 1161 176 1224 bat.
216 1163 309 1226 Tunc
336 1160 560 1225 hereticorum
591 1158 770 1248 episcopus
803 1156 973 1245 paulolum
1006 1181 1041 1222 se
1071 1153 1225 1232 divertit,

107 1263 204 1350 quasi
214 1263 250 1326 in
269 1263 390 1326 virtute
413 1261 692 1350 triumphaturus,
707 1260 813 1325 elatus
832 1260 978 1324 vanitate
996 1269 1094 1347 atque
1110 1279 1227 1346 super·-

107 1365 180 1444 bia,
196 1361 312 1454 posuit
328 1388 460 1428 manum
477 1388 576 1452 super
592 1364 706 1430 oculos
718 1361 788 1426 eius
801 1375 834 1427 et
847 1361 963 1426 dicens
983 1387 989 1424 :
1006 1358 1228 1426 «Secundum

66 1492 90 1530 ιο
108 1465 210 1530 fidem
230 1480 397 1546 nostram,
419 1477 484 1556 qua
499 1480 589 1532 recte
607 1469 714 1531 Deum
732 1464 917 1544 credimus,
932 1462 1125 1552 aperiantur
1141 1461 1228 1527 oculi

106 1569 169 1633 tui.
190 1595 207 1631 »
226 1571 269 1634 Et
285 1592 359 1636 mox
376 1582 413 1635 ut
431 1571 521 1634 hunc
542 1569 633 1634 nefas
649 1567 775 1658 erupit,
797 1566 883 1632 risus
898 1579 1045 1634 mutatur
1059 1565 1094 1630 in
1112 1566 1228 1654 planc-

107 1684 197 1752 tum,
216 1684 250 1736 et
263 1672 360 1737 dolus
376 1671 527 1762 episcopi
544 1672 730 1760 patefactus
748 1673 783 1736 in
801 1669 950 1760 publico.

140 1814 209 1862 Nam
217 1819 304 1861 tantus
315 1814 390 1861 dolor
400 1815 489 1862 oculos
503 1813 591 1862 miseri
602 1815 673 1862 illius
683 1813 794 1870 invasit,
804 1818 884 1859 utens
896 1811 987 1874 digitis
999 1811 1025 1859 vi
1036 1811 1228 1874 comprimeret,

108 1893 142 1924 ne
154 1883 302 1940 creparent.
320 1877 435 1940 Denique
447 1877 560 1924 clamare
578 1876 663 1940 coepit
679 1877 759 1924 miser
773 1892 802 1922 ac
821 1874 924 1923 dicere:
944 1892 956 1924 u
974 1874 1025 1922 Vae
1040 1875 1106 1924 mihi
1118 1874 1229 1932 misero,

68 1939 92 1978 ¹5
109 1939 174 2002 quia
184 1939 307 1986 seductus
320 1955 378 1986 sum
391 1940 424 1986 ab
434 1939 539 1986 inimico
552 1940 619 2012 legis
631 1937 747 1987 divinae!
761 1938 813 1985 Vae
826 1937 903 1995 mihi,
919 1937 980 2000 quia
993 1937 1074 1984 Deum
1089 1953 1135 2000 per
1150 1952 1230 2000 pecu-

109 2003 183 2050 niam
194 2001 309 2048 inridere
320 2003 391 2049 volui
405 2009 429 2049 et
442 2003 632 2064 quinquaginta
651 2017 743 2048 aureos
756 2001 858 2063 accepi,
872 2007 901 2047 ut
913 2000 962 2046 hoc
979 2000 1080 2046 lacinus
1093 2005 1230 2062 perpetra-

109 2067 179 2112 rem!
195 2080 207 2110 u
220 2064 259 2111 Ad
269 2064 421 2127 episcopum
434 2071 521 2111 autem
530 2065 616 2111 aiebat
630 2080 635 2111 :
651 2065 733 2112 «Ecce
745 2078 838 2112 aarum
850 2068 935 2120 tuum,
948 2062 1026 2109 redde
1036 2063 1123 2108 lumen
1134 2077 1229 2119 meum,

110 2127 182 2190 qnod
194 2127 255 2173 dolo
266 2132 311 2173 tuo
321 2126 440 2189 perdidi!
458 2127 508 2173 Vos
522 2143 623 2190 quoque
640 2143 712 2189 rogo,
727 2123 912 2188 gloriosissimi
925 2124 1078 2181 Christiani,
1092 2139 1124 2170 ne
1141 2124 1230 2187 despi-

110 2190 188 2237 ciatis
201 2189 339 2243 miserum,
356 2189 401 2236 sed
418 2189 540 2238 velociter
559 2190 685 2238 occurrite
707 2188 839 2252 pereunti!
860 2187 924 2236 Vere
943 2187 1012 2236 enim
1029 2187 1154 2250 cognovi,
1169 2186 1296 2250 quiacol,
1307 2195 1345 2242 119,

67 2258 94 2295 20
110 2253 181 2300 Dens
191 2252 204 2315 Η
214 2267 265 2298 non
275 2249 411 2299 inridetur.
427 2269 438 2298 n

158 2372 252 2435 Tunc
277 2347 388 2434 sancti
404 2367 737 2457 Dei,misericordia
761 2364 859 2446 moti,
890 2367 1076 2455 inquiunt:
1110 2394 1127 2430 «
1153 2369 1229 2433 Cre-

112 2470 185 2549 dis,
217 2471 327 2535 omnia
355 2470 528 2558 possibilia
556 2484 633 2536 sunt
660 2469 844 2534 credenti1.
873 2495 889 2530 »
919 2468 963 2534 At
985 2467 1034 2532 illi
1067 2469 1230 2534 clamabat

112 2597 195 2638 voce
214 2597 332 2664 magna
354 2599 360 2635 :
383 2599 399 2634 a
422 2573 486 2656 Qui
506 2598 573 2638 non
596 2573 776 2636 crediderit
797 2571 966 2636 Christum
992 2570 1100 2636 Flinm
1120 2573 1182 2636 Dei
1198 2586 1231 2636 et

115 2674 279 2765 Spiritum
323 2688 471 2740 sanetum
505 2676 676 2764 aequalem
715 2675 838 2740 habere
876 2673 1094 2738 substantiam
1133 2688 1231 2764 atque

70 2804 98 2842 as
114 2776 274 2873 deitatem
292 2802 366 2842 oum
388 2779 495 2857 Patri,
517 2777 618 2843 hodie
638 2801 721 2866 qnae
740 2802 802 2867 ego
821 2776 952 2866 perfero
970 2776 1126 2865 patiatur.
1148 2803 1164 2839 n
1191 2781 1233 2842 Et

115 2881 262 2946 adiecit:
285 2907 301 2942 a
319 2879 427 2945 Credo
448 2883 554 2945 Deum
564 2883 695 2946 Patrem
713 2880 990 2967 omnipotentem,
1002 2879 1102 2946 credo
1111 2883 1136 2946 F
1139 2881 1233 2944 ilium

116 2982 179 3047 Dei
200 2983 370 3047 Christum
391 2984 498 3047 lesum
517 2980 687 3071 aequalem
707 2981 809 3060 Patri,
831 2981 931 3045 credo
955 2982 1116 3068 Spiritum
1138 3005 1233 3046 sanc·

116 3098 187 3148 tum
211 3085 302 3150 Patri
326 3097 359 3148 et
380 3084 465 3149 Filio
495 3083 812 3166 consubstantialem
840 3095 938 3171 atque
963 3096 1186 3147 coaeternum.
1216 3109 1232 3145 n

118 3190 206 3252 Haec
234 3186 292 3252 ille
316 3187 489 3251 audientes
516 3200 548 3250 et
576 3211 609 3250 se
636 3187 778 3250 invicem
804 3187 932 3250 honore
960 3198 1073 3249 mutuo
1098 3209 1234 3274 praeve-

76 3317 104 3354 ao
120 3291 267 3368 nienteS,
288 3290 393 3354 oritur
414 3291 502 3354 inter
523 3314 580 3353 eos
602 3302 715 3353 sancta
736 3289 906 3354 contentio
918 3339 926 3368 ,
946 3289 1020 3376 quis
1041 3285 1146 3353 oculis
1165 3289 1235 3352 eius

121 3395 252 3484 signum
274 3393 389 3456 beatae
410 3393 517 3457 crucis
538 3393 725 3479 inponeret.
759 3390 968 3458 Vindimialis
991 3414 1069 3454 vero
1090 3414 1127 3454 ac
1150 3393 1236 3456 Lon-

120 3496 217 3586 ginus
237 3494 442 3584 Eugenium,
466 3494 522 3558 ille
540 3507 650 3558 autem
670 3518 727 3558 eos
750 3505 884 3572 exorat,
906 3506 942 3556 ut
963 3517 1078 3557 manos
1095 3494 1237 3583 inpone·

122 3609 195 3662 rent
213 3620 324 3662 cacco.
349 3594 446 3680 Quod
467 3621 541 3660 cum
561 3595 718 3660 fecissent
738 3608 771 3659 et
790 3617 906 3660 manus
925 3619 999 3660 suas
1021 3594 1238 3684 supercapud

123 3702 191 3765 eius
208 3712 379 3781 tenerent,
402 3712 535 3764 sanctus
557 3700 725 3789 Eugenius
744 3723 875 3764 crucem
897 3699 1022 3762 Christi
1040 3723 1140 3788 snper
1160 3723 1238 3763 ocu-

82 3829 110 3867 as
123 3803 171 3867 los
189 3803 281 3867 caeci
299 3802 435 3880 faciens,
454 3803 499 3866 ait
521 3827 527 3864 ε
553 3827 569 3864 n
588 3804 624 3866 ln
640 3802 774 3866 nomine
785 3801 893 3866 Patris
910 3813 943 3866 et
956 3799 1020 3866 Fili
1041 3813 1073 3865 et
1095 3801 1239 3889 Spiritus

125 3906 246 3987 sancti,
269 3905 339 3968 veri
359 3905 437 3983 Dei,
458 3927 556 3992 quem
577 3905 701 3969 trinum
718 3905 753 3968 in
769 3928 868 3969 unam
891 3902 1124 3991 aequalitatem
1142 3914 1240 3992 atque

126 4007 399 4096 omnipotentiam
414 4005 628 4087 confitemur,
650 4006 840 4094 aperiantur
855 4006 942 4070 oculi
960 4005 1020 4069 tui.
1039 4033 1055 4069 a
1074 4008 1115 4072 Et
1131 4007 1241 4069 statim

126 4110 234 4174 ablato
251 4107 436 4188 dolore,ad
454 4109 628 4197 pristinam
647 4107 748 4172 rediit
766 4110 952 4172 sanitatem.
973 4108 1242 4174 Manifestissime

159 4327 183 4376 r.
201 4309 280 4378 unic.
291 4331 314 4386 s,
328 4329 365 4374 aa.
