<?xml version="1.0" encoding="UTF-8"?>
<!DOCTYPE html PUBLIC "-//W3C//DTD XHTML 1.0 Transitional//EN"
    "http://www.w3.org/TR/xhtml1/DTD/xhtml1-transitional.dtd">
<html xmlns="http://www.w3.org/1999/xhtml" xml:lang="en" lang="en">
 <head>
  <title>
</title>
<meta http-equiv="Content-Type" content="text/html;charset=utf-8" />
  <meta name='ocr-system' content='tesseract 3.04.00' />
  <meta name='ocr-capabilities' content='ocr_page ocr_carea ocr_par ocr_line ocrx_word'/>
</head>
<body>
  <div class='ocr_page' id='page_1' title='image "./grgoiredetoursh00greggoog_0159.png"; bbox 0 0 3226 5156; ppageno 0'>
   <div class='ocr_carea' id='block_1_1' title="bbox 405 419 1229 476">
    <p class='ocr_par' dir='ltr' id='par_1_1' title="bbox 405 419 1229 476">
     <span class='ocr_line' id='line_1_1' title="bbox 405 419 1229 476; baseline -0.012 -2"><span class='ocrx_word' id='word_1_1' title='bbox 405 427 569 476; x_wconf 77' lang='lat' dir='ltr'>HISTORlAE</span> <span class='ocrx_word' id='word_1_2' title='bbox 588 423 787 475; x_wconf 76' lang='lat' dir='ltr'>nnnnconun</span> <span class='ocrx_word' id='word_1_3' title='bbox 803 422 900 470; x_wconf 80' lang='lat' dir='ltr'>LIBER</span> <span class='ocrx_word' id='word_1_4' title='bbox 916 422 947 468; x_wconf 90' lang='lat'>11.</span> <span class='ocrx_word' id='word_1_5' title='bbox 1200 419 1229 465; x_wconf 77' lang='grc'>97</span> 
     </span>
    </p>
   </div>
   <div class='ocr_carea' id='block_1_2' title="bbox 75 535 1364 1860">
    <p class='ocr_par' dir='ltr' id='par_1_2' title="bbox 75 535 1364 1860">
     <span class='ocr_line' id='line_1_2' title="bbox 115 535 1229 630; baseline -0.005 -26"><span class='ocrx_word' id='word_1_6' title='bbox 115 539 442 627; x_wconf 80' lang='lat' dir='ltr'>palleis,dissoluta</span> <span class='ocrx_word' id='word_1_7' title='bbox 475 544 658 624; x_wconf 77' lang='lat' dir='ltr'>caesariae,</span> <span class='ocrx_word' id='word_1_8' title='bbox 690 539 910 630; x_wconf 88' lang='lat' dir='ltr'>superposito</span> <span class='ocrx_word' id='word_1_9' title='bbox 942 535 1074 614; x_wconf 89' lang='lat' dir='ltr'>cincre,</span> <span class='ocrx_word' id='word_1_10' title='bbox 1105 547 1144 600; x_wconf 88' lang='lat' dir='ltr'>ut</span> <span class='ocrx_word' id='word_1_11' title='bbox 1175 557 1229 612; x_wconf 77' lang='lat' dir='ltr'>cos</span> 
     </span>
     <span class='ocr_line' id='line_1_3' title="bbox 114 638 1229 730; baseline -0.005 -24"><span class='ocrx_word' id='word_1_12' title='bbox 114 654 248 728; x_wconf 81' lang='lat' dir='ltr'>putares</span> <span class='ocrx_word' id='word_1_13' title='bbox 285 641 430 709; x_wconf 91' lang='lat' dir='ltr'>virorum</span> <span class='ocrx_word' id='word_1_14' title='bbox 462 645 643 709; x_wconf 82' lang='lat' dir='ltr'>funeribus·</span> <span class='ocrx_word' id='word_1_15' title='bbox 670 641 855 720; x_wconf 87' lang='lat' dir='ltr'>deservire,</span> <span class='ocrx_word' id='word_1_16' title='bbox 891 638 1082 730; x_wconf 85' lang='lat' dir='ltr'>plangendo</span> <span class='ocrx_word' id='word_1_17' title='bbox 1110 660 1229 726; x_wconf 86' lang='lat' dir='ltr'>seque·</span> 
     </span>
     <span class='ocr_line' id='line_1_4' title="bbox 114 738 1230 836; baseline -0.003 -30"><span class='ocrx_word' id='word_1_18' title='bbox 114 743 247 822; x_wconf 80' lang='lat' dir='ltr'>bantur.</span> <span class='ocrx_word' id='word_1_19' title='bbox 266 747 307 808; x_wconf 86' lang='lat' dir='ltr'>Et</span> <span class='ocrx_word' id='word_1_20' title='bbox 319 744 364 810; x_wconf 89' lang='lat' dir='ltr'>ita</span> <span class='ocrx_word' id='word_1_21' title='bbox 383 757 485 811; x_wconf 86' lang='lat' dir='ltr'>totam</span> <span class='ocrx_word' id='word_1_22' title='bbox 504 771 597 836; x_wconf 90' lang='lat' dir='ltr'>spem</span> <span class='ocrx_word' id='word_1_23' title='bbox 610 746 703 811; x_wconf 88' lang='lat' dir='ltr'>locus</span> <span class='ocrx_word' id='word_1_24' title='bbox 718 745 776 810; x_wconf 91' lang='lat' dir='ltr'>ille</span> <span class='ocrx_word' id='word_1_25' title='bbox 787 744 829 809; x_wconf 89' lang='lat' dir='ltr'>ad</span> <span class='ocrx_word' id='word_1_26' title='bbox 845 741 1025 814; x_wconf 88' lang='lat' dir='ltr'>Dominum</span> <span class='ocrx_word' id='word_1_27' title='bbox 1045 738 1230 806; x_wconf 90' lang='lat' dir='ltr'>misericor·</span> 
     </span>
     <span class='ocr_line' id='line_1_5' title="bbox 113 841 1230 924; baseline -0.003 -15"><span class='ocrx_word' id='word_1_28' title='bbox 113 843 203 910; x_wconf 85' lang='lat' dir='ltr'>diam</span> <span class='ocrx_word' id='word_1_29' title='bbox 236 847 365 924; x_wconf 84' lang='lat' dir='ltr'>retulit,</span> <span class='ocrx_word' id='word_1_30' title='bbox 396 858 432 912; x_wconf 88' lang='lat' dir='ltr'>ut</span> <span class='ocrx_word' id='word_1_31' title='bbox 457 849 625 914; x_wconf 72' lang='lat' dir='ltr'>diceretur</span> <span class='ocrx_word' id='word_1_32' title='bbox 655 846 781 913; x_wconf 87' lang='lat' dir='ltr'>ibidem</span> <span class='ocrx_word' id='word_1_33' title='bbox 813 844 1041 920; x_wconf 78' lang='lat' dir='ltr'>Nenivitarum</span> <span class='ocrx_word' id='word_1_34' title='bbox 1070 841 1230 908; x_wconf 91' lang='lat' dir='ltr'>ieiunium</span> 
     </span>
     <span class='ocr_line' id='line_1_6' title="bbox 86 945 1364 1036; baseline -0.002 -24"><span class='ocrx_word' id='word_1_35' title='bbox 86 948 386 1028; x_wconf 76' lang='lat' dir='ltr'>seelebrarc,nec</span> <span class='ocrx_word' id='word_1_36' title='bbox 407 949 639 1016; x_wconf 83' lang='lat' dir='ltr'>aestimaretur</span> <span class='ocrx_word' id='word_1_37' title='bbox 661 949 750 1015; x_wconf 91' lang='lat' dir='ltr'>alind</span> <span class='ocrx_word' id='word_1_38' title='bbox 768 973 866 1036; x_wconf 90' lang='lat' dir='ltr'>posse</span> <span class='ocrx_word' id='word_1_39' title='bbox 893 947 983 1027; x_wconf 83' lang='lat' dir='ltr'>fieri,</span> <span class='ocrx_word' id='word_1_40' title='bbox 995 945 1010 1036; x_wconf 73' lang='lat' dir='ltr'>{l</span> <span class='ocrx_word' id='word_1_41' title='bbox 1031 947 1097 1012; x_wconf 90' lang='lat' dir='ltr'>nisi</span> <span class='ocrx_word' id='word_1_42' title='bbox 1117 964 1364 1026; x_wconf 82' lang='lat' dir='ltr'>eorumcol.131.</span> 
     </span>
     <span class='ocr_line' id='line_1_7' title="bbox 114 1047 1231 1140; baseline -0.002 -24"><span class='ocrx_word' id='word_1_43' title='bbox 114 1052 292 1140; x_wconf 86' lang='lat' dir='ltr'>praecibus</span> <span class='ocrx_word' id='word_1_44' title='bbox 317 1051 682 1118; x_wconf 80' lang='lat' dir='ltr'>diuinamisericordia</span> <span class='ocrx_word' id='word_1_45' title='bbox 712 1051 906 1130; x_wconf 81' lang='lat' dir='ltr'>flectiretur,</span> <span class='ocrx_word' id='word_1_46' title='bbox 944 1050 997 1116; x_wconf 87' lang='lat' dir='ltr'>llii</span> <span class='ocrx_word' id='word_1_47' title='bbox 1034 1062 1143 1130; x_wconf 83' lang='lat' dir='ltr'>autem</span> <span class='ocrx_word' id='word_1_48' title='bbox 1175 1047 1231 1140; x_wconf 90' lang='lat' dir='ltr'>qui</span> 
     </span>
     <span class='ocr_line' id='line_1_8' title="bbox 114 1153 1233 1246; baseline -0.004 -28"><span class='ocrx_word' id='word_1_49' title='bbox 114 1154 340 1233; x_wconf 85' lang='lat' dir='ltr'>obsidebant,¹</span> <span class='ocrx_word' id='word_1_50' title='bbox 352 1155 642 1245; x_wconf 82' lang='lat' dir='ltr'>nescientesquid</span> <span class='ocrx_word' id='word_1_51' title='bbox 661 1157 791 1234; x_wconf 78' lang='lat' dir='ltr'>obsessi</span> <span class='ocrx_word' id='word_1_52' title='bbox 808 1166 962 1246; x_wconf 78' lang='lat' dir='ltr'>agerent,</span> <span class='ocrx_word' id='word_1_53' title='bbox 987 1178 1063 1226; x_wconf 87' lang='lat' dir='ltr'>cum</span> <span class='ocrx_word' id='word_1_54' title='bbox 1080 1153 1233 1232; x_wconf 84' lang='lat' dir='ltr'>viderent</span> 
     </span>
     <span class='ocr_line' id='line_1_9' title="bbox 114 1253 1229 1348; baseline -0.001 -29"><span class='ocrx_word' id='word_1_55' title='bbox 114 1257 164 1322; x_wconf 89' lang='lat' dir='ltr'>sio</span> <span class='ocrx_word' id='word_1_56' title='bbox 187 1281 316 1322; x_wconf 89' lang='lat' dir='ltr'>murum</span> <span class='ocrx_word' id='word_1_57' title='bbox 337 1258 495 1341; x_wconf 89' lang='lat' dir='ltr'>circuire,</span> <span class='ocrx_word' id='word_1_58' title='bbox 528 1260 691 1348; x_wconf 87' lang='lat' dir='ltr'>putabant</span> <span class='ocrx_word' id='word_1_59' title='bbox 714 1283 771 1324; x_wconf 92' lang='lat' dir='ltr'>eos</span> <span class='ocrx_word' id='word_1_60' title='bbox 796 1257 923 1348; x_wconf 90' lang='lat' dir='ltr'>aliquid</span> <span class='ocrx_word' id='word_1_61' title='bbox 946 1281 1044 1348; x_wconf 86' lang='lat' dir='ltr'>agere</span> <span class='ocrx_word' id='word_1_62' title='bbox 1064 1253 1229 1334; x_wconf 85' lang='lat' dir='ltr'>maleficii.</span> 
     </span>
     <span class='ocr_line' id='line_1_10' title="bbox 114 1357 1232 1448; baseline -0.002 -24"><span class='ocrx_word' id='word_1_63' title='bbox 114 1361 141 1424; x_wconf 85' lang='grc' dir='ltr'><strong>Τ</strong></span> <span class='ocrx_word' id='word_1_64' title='bbox 143 1382 211 1423; x_wconf 88' lang='lat' dir='ltr'>unc</span> <span class='ocrx_word' id='word_1_65' title='bbox 231 1358 496 1448; x_wconf 87' lang='lat' dir='ltr'>adpraehensum</span> <span class='ocrx_word' id='word_1_66' title='bbox 516 1385 618 1434; x_wconf 88' lang='lat' dir='ltr'>unum</span> <span class='ocrx_word' id='word_1_67' title='bbox 638 1361 680 1425; x_wconf 91' lang='lat' dir='ltr'>de</span> <span class='ocrx_word' id='word_1_68' title='bbox 696 1360 828 1426; x_wconf 85' lang='lat' dir='ltr'>civitate</span> <span class='ocrx_word' id='word_1_69' title='bbox 844 1359 1021 1438; x_wconf 90' lang='lat' dir='ltr'>rusticum,</span> <span class='ocrx_word' id='word_1_70' title='bbox 1042 1357 1108 1447; x_wconf 92' lang='lat' dir='ltr'>ipsi</span> <span class='ocrx_word' id='word_1_71' title='bbox 1128 1357 1232 1432; x_wconf 88' lang='lat' dir='ltr'>inter-</span> 
     </span>
     <span class='ocr_line' id='line_1_11' title="bbox 75 1459 1232 1555; baseline -0.001 -31"><span class='ocrx_word' id='word_1_72' title='bbox 75 1487 98 1526; x_wconf 82' lang='lat' dir='ltr'>m</span> <span class='ocrx_word' id='word_1_73' title='bbox 113 1473 253 1552; x_wconf 84' lang='lat' dir='ltr'>rogant,</span> <span class='ocrx_word' id='word_1_74' title='bbox 277 1463 441 1553; x_wconf 91' lang='lat' dir='ltr'>quidhoc</span> <span class='ocrx_word' id='word_1_75' title='bbox 462 1464 659 1553; x_wconf 90' lang='lat' dir='ltr'>essetqaod</span> <span class='ocrx_word' id='word_1_76' title='bbox 681 1477 829 1555; x_wconf 83' lang='lat' dir='ltr'>agerent.</span> <span class='ocrx_word' id='word_1_77' title='bbox 854 1461 918 1547; x_wconf 91' lang='lat' dir='ltr'>Qui</span> <span class='ocrx_word' id='word_1_78' title='bbox 934 1463 979 1526; x_wconf 90' lang='lat' dir='ltr'>ait</span> <span class='ocrx_word' id='word_1_79' title='bbox 1005 1488 1012 1525; x_wconf 89' lang='lat'>:</span> <span class='ocrx_word' id='word_1_80' title='bbox 1035 1487 1052 1523; x_wconf 81' lang='lat' dir='ltr'>a</span> <span class='ocrx_word' id='word_1_81' title='bbox 1074 1459 1232 1533; x_wconf 85' lang='lat' dir='ltr'>Tonicam</span> 
     </span>
     <span class='ocr_line' id='line_1_12' title="bbox 114 1563 1233 1658; baseline 0 -30"><span class='ocrx_word' id='word_1_82' title='bbox 114 1565 207 1630; x_wconf 84' lang='lat' dir='ltr'>beuti</span> <span class='ocrx_word' id='word_1_83' title='bbox 223 1563 379 1632; x_wconf 85' lang='lat' dir='ltr'>Vincenti</span> <span class='ocrx_word' id='word_1_84' title='bbox 397 1567 577 1658; x_wconf 88' lang='lat' dir='ltr'>deportant</span> <span class='ocrx_word' id='word_1_85' title='bbox 591 1577 625 1630; x_wconf 89' lang='lat' dir='ltr'>et</span> <span class='ocrx_word' id='word_1_86' title='bbox 640 1591 714 1633; x_wconf 91' lang='lat' dir='ltr'>cum</span> <span class='ocrx_word' id='word_1_87' title='bbox 725 1567 817 1656; x_wconf 90' lang='lat' dir='ltr'>ipsa,</span> <span class='ocrx_word' id='word_1_88' title='bbox 835 1578 871 1631; x_wconf 93' lang='lat' dir='ltr'>ut</span> <span class='ocrx_word' id='word_1_89' title='bbox 891 1567 939 1632; x_wconf 93' lang='lat' dir='ltr'>eis</span> <span class='ocrx_word' id='word_1_90' title='bbox 955 1563 1118 1630; x_wconf 87' lang='lat' dir='ltr'>Dominus</span> <span class='ocrx_word' id='word_1_91' title='bbox 1137 1563 1233 1628; x_wconf 90' lang='lat' dir='ltr'>mise·</span> 
     </span>
     <span class='ocr_line' id='line_1_13' title="bbox 114 1664 1232 1756; baseline -0.003 -26"><span class='ocrx_word' id='word_1_92' title='bbox 114 1676 240 1747; x_wconf 79' lang='lat' dir='ltr'>reatus,</span> <span class='ocrx_word' id='word_1_93' title='bbox 269 1681 468 1750; x_wconf 71' lang='lat' dir='ltr'>exornata</span> <span class='ocrx_word' id='word_1_94' title='bbox 498 1669 594 1753; x_wconf 93' lang='lat' dir='ltr'>Quod</span> <span class='ocrx_word' id='word_1_95' title='bbox 621 1669 669 1734; x_wconf 89' lang='lat' dir='ltr'>illi</span> <span class='ocrx_word' id='word_1_96' title='bbox 693 1667 868 1756; x_wconf 83' lang='lat' dir='ltr'>timentes,</span> <span class='ocrx_word' id='word_1_97' title='bbox 899 1692 933 1732; x_wconf 89' lang='lat' dir='ltr'>se</span> <span class='ocrx_word' id='word_1_98' title='bbox 959 1668 999 1742; x_wconf 84' lang='lat' dir='ltr'>ab</span> <span class='ocrx_word' id='word_1_99' title='bbox 1032 1691 1069 1732; x_wconf 91' lang='lat' dir='ltr'>ea</span> <span class='ocrx_word' id='word_1_100' title='bbox 1101 1664 1232 1732; x_wconf 88' lang='lat' dir='ltr'>civitate</span> 
     </span>
     <span class='ocr_line' id='line_1_14' title="bbox 115 1767 1230 1860; baseline -0.003 -27"><span class='ocrx_word' id='word_1_101' title='bbox 115 1783 340 1834; x_wconf 84' lang='lat' dir='ltr'>removerant.</span> <span class='ocrx_word' id='word_1_102' title='bbox 363 1774 488 1837; x_wconf 86' lang='lat' dir='ltr'>Tamen</span> <span class='ocrx_word' id='word_1_103' title='bbox 501 1771 700 1860; x_wconf 89' lang='lat' dir='ltr'>adquisitam</span> <span class='ocrx_word' id='word_1_104' title='bbox 714 1769 888 1836; x_wconf 87' lang='lat' dir='ltr'>maximam</span> <span class='ocrx_word' id='word_1_105' title='bbox 899 1767 1078 1858; x_wconf 86' lang='lat' dir='ltr'>Hispaniae</span> <span class='ocrx_word' id='word_1_106' title='bbox 1089 1780 1230 1857; x_wconf 83' lang='lat' dir='ltr'>partem,</span> 
     </span>
    </p>
   </div>
   <div class='ocr_carea' id='block_1_3' title="bbox 113 1885 859 1976">
    <p class='ocr_par' dir='ltr' id='par_1_3' title="bbox 113 1885 859 1976">
     <span class='ocr_line' id='line_1_15' title="bbox 113 1885 859 1976; baseline 0.003 -28"><span class='ocrx_word' id='word_1_107' title='bbox 113 1907 192 1948; x_wconf 91' lang='lat' dir='ltr'>cum</span> <span class='ocrx_word' id='word_1_108' title='bbox 213 1885 341 1976; x_wconf 82' lang='lat' dir='ltr'>magnis</span> <span class='ocrx_word' id='word_1_109' title='bbox 360 1885 476 1974; x_wconf 89' lang='lat' dir='ltr'>spoliis</span> <span class='ocrx_word' id='word_1_110' title='bbox 492 1886 526 1951; x_wconf 88' lang='lat' dir='ltr'>in</span> <span class='ocrx_word' id='word_1_111' title='bbox 544 1886 660 1954; x_wconf 88' lang='lat' dir='ltr'>Galliis</span> <span class='ocrx_word' id='word_1_112' title='bbox 677 1885 859 1951; x_wconf 87' lang='lat' dir='ltr'>redierunt.</span> 
     </span>
    </p>
   </div>
   <div class='ocr_carea' id='block_1_4' title="bbox 53 2065 1236 2975">
    <p class='ocr_par' dir='ltr' id='par_1_4' title="bbox 74 2065 1235 2454">
     <span class='ocr_line' id='line_1_16' title="bbox 74 2065 1233 2146; baseline 0.001 -18"><span class='ocrx_word' id='word_1_113' title='bbox 74 2090 98 2128; x_wconf 78' lang='lat' dir='ltr'>rs</span> <span class='ocrx_word' id='word_1_114' title='bbox 162 2069 271 2132; x_wconf 88' lang='lat' dir='ltr'>XXX.</span> <span class='ocrx_word' id='word_1_115' title='bbox 284 2069 364 2133; x_wconf 89' lang='lat' dir='ltr'>Post</span> <span class='ocrx_word' id='word_1_116' title='bbox 383 2068 603 2142; x_wconf 82' lang='lat' dir='ltr'>Amalaricunr</span> <span class='ocrx_word' id='word_1_117' title='bbox 619 2092 696 2142; x_wconf 88' lang='lat' dir='ltr'>vero</span> <span class='ocrx_word' id='word_1_118' title='bbox 710 2068 846 2134; x_wconf 91' lang='lat' dir='ltr'>Theoda</span> <span class='ocrx_word' id='word_1_119' title='bbox 864 2093 919 2133; x_wconf 90' lang='lat' dir='ltr'>rex</span> <span class='ocrx_word' id='word_1_120' title='bbox 940 2067 1110 2146; x_wconf 89' lang='lat' dir='ltr'>ordinatus</span> <span class='ocrx_word' id='word_1_121' title='bbox 1127 2079 1178 2130; x_wconf 87' lang='lat' dir='ltr'>cst</span> <span class='ocrx_word' id='word_1_122' title='bbox 1200 2065 1233 2130; x_wconf 91' lang='lat' dir='ltr'>in</span> 
     </span>
     <span class='ocr_line' id='line_1_17' title="bbox 119 2165 1235 2260; baseline 0 -28"><span class='ocrx_word' id='word_1_123' title='bbox 119 2165 302 2256; x_wconf 76' lang='lat' dir='ltr'>Hispaniis,</span> <span class='ocrx_word' id='word_1_124' title='bbox 336 2173 443 2253; x_wconf 88' lang='lat' dir='ltr'>Quem</span> <span class='ocrx_word' id='word_1_125' title='bbox 473 2169 704 2249; x_wconf 81' lang='lat' dir='ltr'>intersectum,</span> <span class='ocrx_word' id='word_1_126' title='bbox 735 2169 1023 2260; x_wconf 86' lang='lat' dir='ltr'>&#39;lheodegyselum</span> <span class='ocrx_word' id='word_1_127' title='bbox 1043 2168 1235 2238; x_wconf 85' lang='lat' dir='ltr'>levaverunt</span> 
     </span>
     <span class='ocr_line' id='line_1_18' title="bbox 118 2269 1235 2360; baseline 0.002 -26"><span class='ocrx_word' id='word_1_128' title='bbox 118 2293 244 2359; x_wconf 85' lang='lat' dir='ltr'>regem.</span> <span class='ocrx_word' id='word_1_129' title='bbox 264 2273 295 2335; x_wconf 91' lang='lat' dir='ltr'>Is</span> <span class='ocrx_word' id='word_1_130' title='bbox 310 2271 389 2336; x_wconf 89' lang='lat' dir='ltr'>dnm</span> <span class='ocrx_word' id='word_1_131' title='bbox 407 2273 447 2337; x_wconf 89' lang='lat' dir='ltr'>ad</span> <span class='ocrx_word' id='word_1_132' title='bbox 461 2295 596 2348; x_wconf 89' lang='lat' dir='ltr'>caenam</span> <span class='ocrx_word' id='word_1_133' title='bbox 616 2295 690 2336; x_wconf 88' lang='lat' dir='ltr'>curn</span> <span class='ocrx_word' id='word_1_134' title='bbox 704 2269 819 2348; x_wconf 69' lang='lat' dir='ltr'>amicis</span> <span class='ocrx_word' id='word_1_135' title='bbox 835 2270 903 2336; x_wconf 92' lang='lat' dir='ltr'>suis</span> <span class='ocrx_word' id='word_1_136' title='bbox 914 2271 1084 2360; x_wconf 86' lang='lat' dir='ltr'>aepularet</span> <span class='ocrx_word' id='word_1_137' title='bbox 1097 2285 1130 2336; x_wconf 91' lang='lat' dir='ltr'>et</span> <span class='ocrx_word' id='word_1_138' title='bbox 1147 2285 1235 2337; x_wconf 90' lang='lat' dir='ltr'>esset</span> 
     </span>
     <span class='ocr_line' id='line_1_19' title="bbox 117 2371 1234 2454; baseline 0.004 -19"><span class='ocrx_word' id='word_1_139' title='bbox 117 2371 215 2436; x_wconf 85' lang='lat' dir='ltr'>valde</span> <span class='ocrx_word' id='word_1_140' title='bbox 233 2371 352 2453; x_wconf 80' lang='lat' dir='ltr'>laetus,</span> <span class='ocrx_word' id='word_1_141' title='bbox 377 2398 450 2440; x_wconf 89' lang='lat' dir='ltr'>cum</span> <span class='ocrx_word' id='word_1_142' title='bbox 471 2373 582 2440; x_wconf 88' lang='lat' dir='ltr'>subito</span> <span class='ocrx_word' id='word_1_143' title='bbox 603 2373 759 2440; x_wconf 82' lang='lat' dir='ltr'>extinctis</span> <span class='ocrx_word' id='word_1_144' title='bbox 785 2373 818 2437; x_wconf 91' lang='lat' dir='ltr'>in</span> <span class='ocrx_word' id='word_1_145' title='bbox 841 2373 991 2438; x_wconf 88' lang='lat' dir='ltr'>recubitu</span> <span class='ocrx_word' id='word_1_146' title='bbox 1016 2374 1234 2454; x_wconf 82' lang='lat' dir='ltr'>luminaribus</span> 
     </span>
    </p>

    <p class='ocr_par' dir='ltr' id='par_1_5' title="bbox 53 2473 1236 2569">
     <span class='ocr_line' id='line_1_20' title="bbox 53 2473 1236 2569; baseline 0.003 -31"><span class='ocrx_word' id='word_1_147' title='bbox 53 2493 58 2501; x_wconf 89' lang='lat'>&#39;</span> <span class='ocrx_word' id='word_1_148' title='bbox 117 2474 162 2538; x_wconf 89' lang='lat' dir='ltr'>ab</span> <span class='ocrx_word' id='word_1_149' title='bbox 184 2473 329 2551; x_wconf 81' lang='lat' dir='ltr'>inimicis</span> <span class='ocrx_word' id='word_1_150' title='bbox 354 2475 466 2566; x_wconf 85' lang='lat' dir='ltr'>gladio</span> <span class='ocrx_word' id='word_1_151' title='bbox 499 2501 695 2564; x_wconf 85' lang='lat' dir='ltr'>percussus,</span> <span class='ocrx_word' id='word_1_152' title='bbox 723 2473 862 2555; x_wconf 83' lang='lat' dir='ltr'>interiit.</span> <span class='ocrx_word' id='word_1_153' title='bbox 901 2479 981 2542; x_wconf 91' lang='lat' dir='ltr'>Post</span> <span class='ocrx_word' id='word_1_154' title='bbox 1005 2500 1104 2565; x_wconf 88' lang='lat' dir='ltr'>quem</span> <span class='ocrx_word' id='word_1_155' title='bbox 1129 2479 1236 2569; x_wconf 82' lang='lat' dir='ltr'>Agyla</span> 
     </span>
    </p>

    <p class='ocr_par' dir='ltr' id='par_1_6' title="bbox 73 2577 1235 2975">
     <span class='ocr_line' id='line_1_21' title="bbox 73 2577 1235 2676; baseline 0.003 -36"><span class='ocrx_word' id='word_1_156' title='bbox 73 2603 101 2640; x_wconf 80' lang='lat' dir='ltr'>aa</span> <span class='ocrx_word' id='word_1_157' title='bbox 117 2599 260 2665; x_wconf 83' lang='lat' dir='ltr'>regnum</span> <span class='ocrx_word' id='word_1_158' title='bbox 275 2577 407 2667; x_wconf 82' lang='lat' dir='ltr'>accipit.</span> <span class='ocrx_word' id='word_1_159' title='bbox 427 2582 647 2670; x_wconf 83' lang='lat' dir='ltr'>Suurpserant</span> <span class='ocrx_word' id='word_1_160' title='bbox 664 2580 758 2676; x_wconf 33' lang='lat' dir='ltr'>,euim</span> <span class='ocrx_word' id='word_1_161' title='bbox 773 2578 875 2645; x_wconf 87' lang='lat' dir='ltr'>Gothi</span> <span class='ocrx_word' id='word_1_162' title='bbox 895 2580 981 2646; x_wconf 85' lang='lat' dir='ltr'>hanc</span> <span class='ocrx_word' id='word_1_163' title='bbox 1004 2578 1235 2646; x_wconf 79' lang='lat' dir='ltr'>detestabilem</span> 
     </span>
     <span class='ocr_line' id='line_1_22' title="bbox 117 2679 1234 2772; baseline 0.004 -28"><span class='ocrx_word' id='word_1_164' title='bbox 117 2679 413 2760; x_wconf 83' lang='lat' dir='ltr'>consuetudinem,</span> <span class='ocrx_word' id='word_1_165' title='bbox 433 2694 485 2762; x_wconf 89' lang='lat' dir='ltr'>ut,</span> <span class='ocrx_word' id='word_1_166' title='bbox 510 2681 536 2746; x_wconf 89' lang='lat' dir='ltr'>si</span> <span class='ocrx_word' id='word_1_167' title='bbox 557 2683 631 2771; x_wconf 90' lang='lat' dir='ltr'>quis</span> <span class='ocrx_word' id='word_1_168' title='bbox 652 2683 700 2747; x_wconf 90' lang='lat' dir='ltr'>eis</span> <span class='ocrx_word' id='word_1_169' title='bbox 724 2682 766 2746; x_wconf 92' lang='lat' dir='ltr'>de</span> <span class='ocrx_word' id='word_1_170' title='bbox 792 2681 927 2772; x_wconf 86' lang='lat' dir='ltr'>regibus</span> <span class='ocrx_word' id='word_1_171' title='bbox 950 2706 1017 2746; x_wconf 92' lang='lat' dir='ltr'>nou</span> <span class='ocrx_word' id='word_1_172' title='bbox 1036 2681 1234 2770; x_wconf 86' lang='lat' dir='ltr'>placuisset,</span> 
     </span>
     <span class='ocr_line' id='line_1_23' title="bbox 115 2780 1235 2874; baseline 0.004 -29"><span class='ocrx_word' id='word_1_173' title='bbox 115 2780 233 2871; x_wconf 83' lang='lat' dir='ltr'>gladio</span> <span class='ocrx_word' id='word_1_174' title='bbox 254 2807 328 2847; x_wconf 89' lang='lat' dir='ltr'>eum</span> <span class='ocrx_word' id='word_1_175' title='bbox 357 2783 573 2873; x_wconf 84' lang='lat' dir='ltr'>adpeterent,</span> <span class='ocrx_word' id='word_1_176' title='bbox 594 2795 628 2850; x_wconf 92' lang='lat' dir='ltr'>et</span> <span class='ocrx_word' id='word_1_177' title='bbox 650 2783 708 2874; x_wconf 93' lang='lat' dir='ltr'>qui</span> <span class='ocrx_word' id='word_1_178' title='bbox 727 2783 882 2850; x_wconf 86' lang='lat' dir='ltr'>libuisset</span> <span class='ocrx_word' id='word_1_179' title='bbox 904 2786 1032 2866; x_wconf 79' lang='lat' dir='ltr'>animo,</span> <span class='ocrx_word' id='word_1_180' title='bbox 1058 2786 1146 2849; x_wconf 91' lang='lat' dir='ltr'>hunc</span> <span class='ocrx_word' id='word_1_181' title='bbox 1170 2785 1235 2868; x_wconf 83' lang='lat' dir='ltr'>sibi</span> 
     </span>
     <span class='ocr_line' id='line_1_24' title="bbox 118 2895 445 2975; baseline -0.003 -27"><span class='ocrx_word' id='word_1_182' title='bbox 118 2895 308 2949; x_wconf 89' lang='lat' dir='ltr'>statuerunt</span> <span class='ocrx_word' id='word_1_183' title='bbox 323 2909 445 2975; x_wconf 67' lang='lat' dir='ltr'>regem.</span> 
     </span>
    </p>
   </div>
   <div class='ocr_carea' id='block_1_5' title="bbox 74 3065 1373 4285">
    <p class='ocr_par' dir='ltr' id='par_1_7' title="bbox 74 3065 1373 4285">
     <span class='ocr_line' id='line_1_25' title="bbox 165 3065 1237 3162; baseline 0.005 -32"><span class='ocrx_word' id='word_1_184' title='bbox 165 3065 282 3130; x_wconf 89' lang='lat' dir='ltr'>XXXI.</span> <span class='ocrx_word' id='word_1_185' title='bbox 316 3067 356 3130; x_wconf 86' lang='lat' dir='ltr'>Et</span> <span class='ocrx_word' id='word_1_186' title='bbox 382 3065 458 3154; x_wconf 88' lang='lat' dir='ltr'>quia</span> <span class='ocrx_word' id='word_1_187' title='bbox 492 3067 720 3132; x_wconf 85' lang='lat' dir='ltr'>Theodericus</span> <span class='ocrx_word' id='word_1_188' title='bbox 754 3068 867 3132; x_wconf 88' lang='lat' dir='ltr'>Italiac</span> <span class='ocrx_word' id='word_1_189' title='bbox 893 3069 1119 3134; x_wconf 86' lang='lat' dir='ltr'>Chlodovechi</span> <span class='ocrx_word' id='word_1_190' title='bbox 1149 3071 1237 3162; x_wconf 89' lang='lat' dir='ltr'>regis</span> 
     </span>
     <span class='ocr_line' id='line_1_26' title="bbox 74 3164 1236 3261; baseline 0.004 -30"><span class='ocrx_word' id='word_1_191' title='bbox 74 3195 102 3231; x_wconf 70' lang='lat' dir='ltr'>as</span> <span class='ocrx_word' id='word_1_192' title='bbox 119 3190 270 3230; x_wconf 91' lang='lat' dir='ltr'>sororem</span> <span class='ocrx_word' id='word_1_193' title='bbox 285 3164 318 3230; x_wconf 93' lang='lat' dir='ltr'>in</span> <span class='ocrx_word' id='word_1_194' title='bbox 337 3166 547 3234; x_wconf 89' lang='lat' dir='ltr'>matrimonio</span> <span class='ocrx_word' id='word_1_195' title='bbox 562 3169 691 3261; x_wconf 80' lang='lat' dir='ltr'>habuit,</span> <span class='ocrx_word' id='word_1_196' title='bbox 704 3183 852 3236; x_wconf 88' lang='lat' dir='ltr'>mortuus</span> <span class='ocrx_word' id='word_1_197' title='bbox 864 3172 1030 3260; x_wconf 76' lang='lat' dir='ltr'>parvolam</span> <span class='ocrx_word' id='word_1_198' title='bbox 1051 3171 1151 3236; x_wconf 90' lang='lat' dir='ltr'>filiam</span> <span class='ocrx_word' id='word_1_199' title='bbox 1163 3198 1236 3238; x_wconf 89' lang='lat' dir='ltr'>cum</span> 
     </span>
     <span class='ocr_line' id='line_1_27' title="bbox 118 3267 1237 3364; baseline 0.005 -31"><span class='ocrx_word' id='word_1_200' title='bbox 118 3292 223 3333; x_wconf 89' lang='lat' dir='ltr'>uxore</span> <span class='ocrx_word' id='word_1_201' title='bbox 239 3267 385 3356; x_wconf 90' lang='lat' dir='ltr'>reliquit.</span> <span class='ocrx_word' id='word_1_202' title='bbox 413 3273 501 3336; x_wconf 87' lang='lat' dir='ltr'>Haec</span> <span class='ocrx_word' id='word_1_203' title='bbox 520 3283 629 3335; x_wconf 88' lang='lat' dir='ltr'>autom</span> <span class='ocrx_word' id='word_1_204' title='bbox 646 3296 720 3337; x_wconf 93' lang='lat' dir='ltr'>cum</span> <span class='ocrx_word' id='word_1_205' title='bbox 737 3271 849 3336; x_wconf 90' lang='lat' dir='ltr'>adulta</span> <span class='ocrx_word' id='word_1_206' title='bbox 866 3274 951 3338; x_wconf 81' lang='lat' dir='ltr'>facta</span> <span class='ocrx_word' id='word_1_207' title='bbox 967 3286 1142 3364; x_wconf 90' lang='lat' dir='ltr'>esset,per</span> <span class='ocrx_word' id='word_1_208' title='bbox 1161 3274 1237 3339; x_wconf 89' lang='lat' dir='ltr'>levi-</span> 
     </span>
     <span class='ocr_line' id='line_1_28' title="bbox 119 3369 1237 3468; baseline 0.006 -34"><span class='ocrx_word' id='word_1_209' title='bbox 119 3383 223 3434; x_wconf 87' lang='lat' dir='ltr'>tatem</span> <span class='ocrx_word' id='word_1_210' title='bbox 237 3369 332 3436; x_wconf 88' lang='lat' dir='ltr'>amioi</span> <span class='ocrx_word' id='word_1_211' title='bbox 349 3370 398 3436; x_wconf 91' lang='lat' dir='ltr'>sui</span> <span class='ocrx_word' id='word_1_212' title='bbox 417 3373 534 3438; x_wconf 86' lang='lat' dir='ltr'>relicto</span> <span class='ocrx_word' id='word_1_213' title='bbox 551 3373 665 3440; x_wconf 84' lang='lat' dir='ltr'>matris</span> <span class='ocrx_word' id='word_1_214' title='bbox 686 3373 844 3454; x_wconf 90' lang='lat' dir='ltr'>consilio,</span> <span class='ocrx_word' id='word_1_215' title='bbox 868 3399 951 3463; x_wconf 88' lang='lat' dir='ltr'>quae</span> <span class='ocrx_word' id='word_1_216' title='bbox 975 3375 1004 3441; x_wconf 91' lang='lat' dir='ltr'>ei</span> <span class='ocrx_word' id='word_1_217' title='bbox 1025 3375 1113 3468; x_wconf 85' lang='lat' dir='ltr'>regis</span> <span class='ocrx_word' id='word_1_218' title='bbox 1134 3376 1237 3441; x_wconf 88' lang='lat' dir='ltr'>lilium</span> 
     </span>
     <span class='ocr_line' id='line_1_29' title="bbox 119 3471 1239 3567; baseline 0.006 -31"><span class='ocrx_word' id='word_1_219' title='bbox 119 3471 335 3562; x_wconf 84' lang='lat' dir='ltr'>providebat,</span> <span class='ocrx_word' id='word_1_220' title='bbox 354 3498 485 3538; x_wconf 91' lang='lat' dir='ltr'>servum</span> <span class='ocrx_word' id='word_1_221' title='bbox 511 3499 606 3540; x_wconf 89' lang='lat' dir='ltr'>suum</span> <span class='ocrx_word' id='word_1_222' title='bbox 629 3475 874 3565; x_wconf 77' lang='lat' dir='ltr'>&#39;l&#39;raguillanem</span> <span class='ocrx_word' id='word_1_223' title='bbox 897 3480 1032 3544; x_wconf 90' lang='lat' dir='ltr'>nomine</span> <span class='ocrx_word' id='word_1_224' title='bbox 1052 3479 1182 3567; x_wconf 90' lang='lat' dir='ltr'>accepit</span> <span class='ocrx_word' id='word_1_225' title='bbox 1206 3492 1239 3544; x_wconf 92' lang='lat' dir='ltr'>et</span> 
     </span>
     <span class='ocr_line' id='line_1_30' title="bbox 122 3565 1239 3672; baseline 0.007 -34"><span class='ocrx_word' id='word_1_226' title='bbox 122 3599 198 3638; x_wconf 84' lang='lat' dir='ltr'>cunr</span> <span class='ocrx_word' id='word_1_227' title='bbox 211 3565 250 3638; x_wconf 88' lang='lat' dir='ltr'>eo</span> <span class='ocrx_word' id='word_1_228' title='bbox 264 3575 304 3639; x_wconf 90' lang='lat' dir='ltr'>ad</span> <span class='ocrx_word' id='word_1_229' title='bbox 320 3571 497 3654; x_wconf 85' lang='lat' dir='ltr'>civitatem,</span> <span class='ocrx_word' id='word_1_230' title='bbox 510 3600 574 3666; x_wconf 86' lang='lat' dir='ltr'>qua</span> <span class='ocrx_word' id='word_1_231' title='bbox 585 3576 758 3642; x_wconf 80' lang='lat' dir='ltr'>defensare</span> <span class='ocrx_word' id='word_1_232' title='bbox 775 3577 893 3666; x_wconf 81' lang='lat' dir='ltr'>possit,</span> <span class='ocrx_word' id='word_1_233' title='bbox 914 3579 1051 3670; x_wconf 84' lang='lat' dir='ltr'>aufugit.</span> <span class='ocrx_word' id='word_1_234' title='bbox 1069 3579 1239 3672; x_wconf 71' lang='lat' dir='ltr'>Cumquell</span> 
     </span>
     <span class='ocr_line' id='line_1_31' title="bbox 77 3673 1373 3770; baseline 0 -30"><span class='ocrx_word' id='word_1_235' title='bbox 77 3703 106 3742; x_wconf 81' lang='lat' dir='ltr'>ao</span> <span class='ocrx_word' id='word_1_236' title='bbox 123 3687 230 3740; x_wconf 89' lang='lat' dir='ltr'>mater</span> <span class='ocrx_word' id='word_1_237' title='bbox 252 3673 322 3740; x_wconf 90' lang='lat' dir='ltr'>eius</span> <span class='ocrx_word' id='word_1_238' title='bbox 347 3688 462 3740; x_wconf 91' lang='lat' dir='ltr'>contra</span> <span class='ocrx_word' id='word_1_239' title='bbox 489 3701 560 3742; x_wconf 91' lang='lat' dir='ltr'>eam</span> <span class='ocrx_word' id='word_1_240' title='bbox 588 3679 683 3744; x_wconf 86' lang='lat' dir='ltr'>valde</span> <span class='ocrx_word' id='word_1_241' title='bbox 704 3679 875 3744; x_wconf 84' lang='lat' dir='ltr'>frenderet</span> <span class='ocrx_word' id='word_1_242' title='bbox 895 3694 1091 3770; x_wconf 87' lang='lat' dir='ltr'>peteretque</span> <span class='ocrx_word' id='word_1_243' title='bbox 1111 3685 1154 3766; x_wconf 80' lang='lat' dir='ltr'>ab</span> <span class='ocrx_word' id='word_1_244' title='bbox 1186 3707 1236 3762; x_wconf 89' lang='lat' dir='ltr'>ea,</span> <span class='ocrx_word' id='word_1_245' title='bbox 1249 3698 1304 3746; x_wconf 81' lang='lat' dir='ltr'>Col.</span> <span class='ocrx_word' id='word_1_246' title='bbox 1320 3696 1373 3743; x_wconf 76' lang='lat'>132.</span> 
     </span>
     <span class='ocr_line' id='line_1_32' title="bbox 122 3775 1238 3871; baseline 0.006 -29"><span class='ocrx_word' id='word_1_247' title='bbox 122 3801 166 3842; x_wconf 89' lang='lat' dir='ltr'>nc</span> <span class='ocrx_word' id='word_1_248' title='bbox 185 3775 375 3852; x_wconf 81' lang='lat' dir='ltr'>humiliaret</span> <span class='ocrx_word' id='word_1_249' title='bbox 392 3777 516 3842; x_wconf 90' lang='lat' dir='ltr'>diutius</span> <span class='ocrx_word' id='word_1_250' title='bbox 542 3779 654 3844; x_wconf 89' lang='lat' dir='ltr'>nobile</span> <span class='ocrx_word' id='word_1_251' title='bbox 690 3805 816 3871; x_wconf 85' lang='lat' dir='ltr'>genus,</span> <span class='ocrx_word' id='word_1_252' title='bbox 846 3781 921 3862; x_wconf 84' lang='lat' dir='ltr'>sed,</span> <span class='ocrx_word' id='word_1_253' title='bbox 955 3783 1100 3849; x_wconf 89' lang='lat' dir='ltr'>demisso</span> <span class='ocrx_word' id='word_1_254' title='bbox 1124 3809 1238 3868; x_wconf 90' lang='lat' dir='ltr'>servo,</span> 
     </span>
     <span class='ocr_line' id='line_1_33' title="bbox 124 3877 1239 3975; baseline 0.007 -31"><span class='ocrx_word' id='word_1_255' title='bbox 124 3877 267 3944; x_wconf 91' lang='lat' dir='ltr'>similem</span> <span class='ocrx_word' id='word_1_256' title='bbox 292 3877 355 3944; x_wconf 91' lang='lat' dir='ltr'>sibi</span> <span class='ocrx_word' id='word_1_257' title='bbox 386 3881 427 3945; x_wconf 89' lang='lat' dir='ltr'>dc</span> <span class='ocrx_word' id='word_1_258' title='bbox 462 3905 586 3970; x_wconf 85' lang='lat' dir='ltr'>genere</span> <span class='ocrx_word' id='word_1_259' title='bbox 617 3881 727 3971; x_wconf 85' lang='lat' dir='ltr'>regie,</span> <span class='ocrx_word' id='word_1_260' title='bbox 762 3908 861 3973; x_wconf 92' lang='lat' dir='ltr'>quem</span> <span class='ocrx_word' id='word_1_261' title='bbox 890 3897 995 3950; x_wconf 86' lang='lat' dir='ltr'>mater</span> <span class='ocrx_word' id='word_1_262' title='bbox 1032 3887 1239 3975; x_wconf 88' lang='lat' dir='ltr'>providerat,</span> 
     </span>
     <span class='ocr_line' id='line_1_34' title="bbox 124 3981 1242 4076; baseline 0.005 -28"><span class='ocrx_word' id='word_1_263' title='bbox 124 3982 267 4048; x_wconf 88' lang='lat' dir='ltr'>deberet</span> <span class='ocrx_word' id='word_1_264' title='bbox 280 3981 430 4070; x_wconf 89' lang='lat' dir='ltr'>accipere</span> <span class='ocrx_word' id='word_1_265' title='bbox 443 4033 450 4060; x_wconf 92' lang='lat'>,</span> <span class='ocrx_word' id='word_1_266' title='bbox 463 3983 653 4050; x_wconf 90' lang='lat' dir='ltr'>nullatenus</span> <span class='ocrx_word' id='word_1_267' title='bbox 665 3985 768 4052; x_wconf 88' lang='lat' dir='ltr'>voluit</span> <span class='ocrx_word' id='word_1_268' title='bbox 785 3986 1013 4076; x_wconf 87' lang='lat' dir='ltr'>adquiescere.</span> <span class='ocrx_word' id='word_1_269' title='bbox 1028 3993 1121 4056; x_wconf 91' lang='lat' dir='ltr'>Tunc</span> <span class='ocrx_word' id='word_1_270' title='bbox 1137 4001 1242 4054; x_wconf 86' lang='lat' dir='ltr'>mater</span> 
     </span>
     <span class='ocr_line' id='line_1_35' title="bbox 126 4083 1359 4182; baseline 0.006 -32"><span class='ocrx_word' id='word_1_271' title='bbox 126 4083 199 4150; x_wconf 88' lang='lat' dir='ltr'>cius</span> <span class='ocrx_word' id='word_1_272' title='bbox 223 4095 338 4148; x_wconf 90' lang='lat' dir='ltr'>contra</span> <span class='ocrx_word' id='word_1_273' title='bbox 370 4107 441 4151; x_wconf 87' lang='lat' dir='ltr'>eam</span> <span class='ocrx_word' id='word_1_274' title='bbox 468 4086 645 4167; x_wconf 82' lang='lat' dir='ltr'>frendens,</span> <span class='ocrx_word' id='word_1_275' title='bbox 673 4088 854 4154; x_wconf 89' lang='lat' dir='ltr'>exercitum</span> <span class='ocrx_word' id='word_1_276' title='bbox 881 4091 1068 4156; x_wconf 91' lang='lat' dir='ltr'>commovit.</span> <span class='ocrx_word' id='word_1_277' title='bbox 1088 4090 1106 4180; x_wconf 75' lang='lat' dir='ltr'>ll</span> <span class='ocrx_word' id='word_1_278' title='bbox 1129 4093 1172 4158; x_wconf 81' lang='lat' dir='ltr'>At</span> <span class='ocrx_word' id='word_1_279' title='bbox 1194 4091 1244 4156; x_wconf 87' lang='lat' dir='ltr'>illi</span> <span class='ocrx_word' id='word_1_280' title='bbox 1254 4100 1308 4182; x_wconf 57' lang='lat' dir='ltr'>tol·</span> <span class='ocrx_word' id='word_1_281' title='bbox 1322 4101 1359 4146; x_wconf 71' lang='lat'>4⁴2·</span> 
     </span>
     <span class='ocr_line' id='line_1_36' title="bbox 82 4186 1243 4285; baseline 0.004 -31"><span class='ocrx_word' id='word_1_282' title='bbox 82 4215 110 4254; x_wconf 73' lang='lat' dir='ltr'>rs</span> <span class='ocrx_word' id='word_1_283' title='bbox 127 4186 301 4276; x_wconf 80' lang='lat' dir='ltr'>venientes</span> <span class='ocrx_word' id='word_1_284' title='bbox 344 4210 444 4274; x_wconf 90' lang='lat' dir='ltr'>super</span> <span class='ocrx_word' id='word_1_285' title='bbox 468 4213 543 4266; x_wconf 89' lang='lat' dir='ltr'>eos,</span> <span class='ocrx_word' id='word_1_286' title='bbox 582 4189 827 4280; x_wconf 77' lang='lat' dir='ltr'>Traguillanem</span> <span class='ocrx_word' id='word_1_287' title='bbox 857 4190 1088 4259; x_wconf 89' lang='lat' dir='ltr'>interficcrunt</span> <span class='ocrx_word' id='word_1_288' title='bbox 1113 4194 1243 4285; x_wconf 83' lang='lat' dir='ltr'>gladio,</span> 
     </span>
    </p>
   </div>
   <div class='ocr_carea' id='block_1_6' title="bbox 131 4289 1248 4440">
    <p class='ocr_par' dir='ltr' id='par_1_8' title="bbox 131 4289 1248 4440">
     <span class='ocr_line' id='line_1_37' title="bbox 131 4289 1248 4380; baseline 0.008 -28"><span class='ocrx_word' id='word_1_289' title='bbox 131 4289 238 4376; x_wconf 87' lang='lat' dir='ltr'>ipsam</span> <span class='ocrx_word' id='word_1_290' title='bbox 259 4312 392 4376; x_wconf 87' lang='lat' dir='ltr'>quoque</span> <span class='ocrx_word' id='word_1_291' title='bbox 410 4290 606 4372; x_wconf 86' lang='lat' dir='ltr'>caedentes,</span> <span class='ocrx_word' id='word_1_292' title='bbox 632 4291 663 4356; x_wconf 90' lang='lat' dir='ltr'>in</span> <span class='ocrx_word' id='word_1_293' title='bbox 685 4293 785 4359; x_wconf 87' lang='lat' dir='ltr'>domu</span> <span class='ocrx_word' id='word_1_294' title='bbox 802 4296 915 4360; x_wconf 87' lang='lat' dir='ltr'>matris</span> <span class='ocrx_word' id='word_1_295' title='bbox 939 4297 1114 4364; x_wconf 84' lang='lat' dir='ltr'>duxerunt.</span> <span class='ocrx_word' id='word_1_296' title='bbox 1146 4301 1248 4380; x_wconf 82' lang='lat' dir='ltr'>Erant</span> 
     </span>
     <span class='ocr_line' id='line_1_38' title="bbox 1156 4401 1169 4440; baseline 0 0"><span class='ocrx_word' id='word_1_297' title='bbox 1156 4401 1169 4440; x_wconf 82' lang='lat' dir='ltr'>r</span> 
     </span>
    </p>
   </div>
   <div class='ocr_carea' id='block_1_7' title="bbox 0 0 1627 5156">
    <p class='ocr_par' dir='ltr' id='par_1_9' title="bbox 0 0 1627 5156">
     <span class='ocr_line' id='line_1_39' title="bbox 0 0 1627 5156; baseline 0 0"><span class='ocrx_word' id='word_1_298' title='bbox 0 0 1627 5156; x_wconf 95' lang='lat' dir='ltr'> </span> 
     </span>
    </p>
   </div>
  </div>
 </body>
</html>
