3220 5158
410 459 440 504 ct
695 444 852 497 ennoean
870 442 1078 494 TURONENSIS
1093 441 1242 490 EPlSCOPl

413 572 469 639 Sic
481 583 514 636 et
529 569 656 659 profeta
671 565 737 630 ait:
753 562 938 649 Confitebor
950 561 1019 640 ribi,
1031 561 1180 640 Domine,
1194 565 1227 624 in
1240 559 1375 624 ecclesia
1390 583 1515 648 inagna,

412 681 445 739 in
455 672 580 764 populo
600 693 703 759 grave
720 665 864 732 laudabo
881 678 911 728 te
926 663 949 726 ¹.
973 663 1015 728 Et
1033 662 1153 727 iterum
1178 688 1185 726 :
1210 661 1395 749 Confitebor
1418 663 1473 726 tibi
1489 668 1519 725 in

407 775 549 866 populis,
567 774 717 850 Domine,
732 767 900 858 psalmum
919 767 1026 830 dicam
1046 770 1175 830 nomine
1195 778 1250 829 tuo
1273 770 1358 830 inter
1377 766 1516 855 generet

412 881 565 944 Metuens
583 872 671 939 enim
686 870 891 962 populum‚o
911 892 980 948 rex,
1002 867 1173 959 ignorans,
1194 867 1272 957 quia
1288 868 1390 934 satius
1411 880 1474 947 est,
1488 879 1520 931 ut

412 978 554 1069 populos
575 987 732 1065 sequatur
748 972 848 1037 fidem
865 983 972 1051 tuam,
993 994 1091 1060 quam
1111 983 1147 1035 tu
1171 969 1397 1036 infirmitatem
1418 971 1540 1036 saveass

412 1079 586 1170 populari?
610 1080 659 1143 Tu
689 1073 778 1140 enim
806 1097 841 1137 es
867 1084 967 1162 caput
994 1065 1127 1161 populi,
1158 1095 1226 1136 non
1253 1071 1398 1162 populus
1429 1083 1521 1159 caput

412 1196 516 1249 tuum.
538 1180 574 1248 Si
585 1179 673 1245 enim
693 1177 735 1241 ad
744 1174 868 1240 bellum
883 1173 1124 1263 proficiscaris,
1140 1185 1177 1237 tu
1192 1172 1366 1262 praecedis
1382 1185 1521 1238 catervas

412 1286 576 1364 hostium,
604 1295 637 1348 et
663 1279 719 1345 ille
744 1301 810 1369 quo
833 1275 957 1342 abieris
984 1277 1244 1365 subsequuntur.
1276 1276 1390 1362 Unde}
1411 1274 1521 1342 melius

413 1401 481 1468 est,
500 1399 537 1452 ut
549 1382 814 1474 tepraecedente
831 1391 1037 1470 cognoscant
1052 1379 1238 1458 veritatem,
1252 1403 1350 1467 quam
1368 1389 1521 1469 pereunte

411 1499 630 1580 permaneant
649 1485 684 1550 in
699 1507 857 1550 errorem.
879 1484 994 1549 Nam«
1016 1484 1106 1546 Deus
1126 1506 1194 1547 non
1215 1480 1373 1547 inriditur
1393 1483 1446 1561 »3,
1465 1503 1520 1545 nec
1534 1503 1553 1540 n

413 1594 501 1658 enim
521 1589 640 1682 dilegit
658 1588 752 1653 illum
770 1587 827 1676 qui
852 1597 992 1674 propter
1009 1597 1179 1650 terrenum
1203 1609 1342 1676 regnum
1367 1609 1441 1652 eum
1460 1608 1521 1650 non

413 1691 591 1757 confitetur
612 1687 647 1752 in
672 1685 850 1751 saeculum.
875 1709 892 1745 »
914 1685 980 1748 lsta
998 1682 1055 1747 ille
1076 1681 1205 1748 ratione
1226 1683 1403 1763 confusus,
1424 1707 1521 1772 usque

413 1793 454 1858 ad
469 1791 592 1858 exitum
610 1788 696 1855 vitae
711 1811 788 1853 suae
802 1785 836 1850 in
853 1787 916 1851 hac
936 1784 1065 1850 insania
1084 1785 1294 1875 perduravit,
1315 1809 1376 1851 nec
1395 1786 1522 1876 publice

413 1893 646 1984 aequalitatem
662 1888 834 1956 Trinitatis
853 1886 958 1953 voluit
972 1887 1136 1953 confiteri.
1159 1889 1299 1979 Magnae
1311 1888 1401 1953 enim
1419 1889 1522 1954 facun-

413 1999 487 2062 diae
509 2007 579 2061 erat
596 2008 677 2059 tunc
694 1991 855 2081 temporis
876 1991 992 2054 beatus
1015 1989 1150 2070 Avitus3
1174 2014 1316 2081 namque
1333 1991 1554 2084 insurgentes

412 2097 558 2164 heresim
583 2096 669 2186 apud
698 2095 816 2160 urbem
837 2091 1241 2181 Constantinopolitanam
1266 2107 1331 2157 tam
1354 2093 1523 2184 illamqua

295 2200 542 2273 F01.28.Euticis
561 2221 746 2289 quamquae
762 2195 928 2262 Sabellius
946 2196 1077 2276 docuit,
1096 2194 1109 2286 ll
1126 2195 1159 2260 id
1179 2196 1330 2272 estnihil
1346 2196 1523 2263 divinitatis

414 2305 571 2370 habuisse
587 2302 758 2366 dominum
773 2312 924 2364 nostrum
940 2302 1048 2364 lesum
1069 2299 1257 2380 Christum,
1281 2314 1421 2391 rogante
1442 2305 1523 2367 Gun-

415 2407 548 2471 dobado
563 2427 659 2495 rege,
678 2401 752 2491 ipse
772 2415 888 2467 contra
913 2425 968 2467 eas
989 2401 1134 2490 scripsit.
1159 2404 1281 2467 Extant
1302 2404 1423 2470 exinde
1443 2426 1525 2468 nuuc

415 2510 502 2600 apud
522 2532 583 2573 nos
610 2505 771 2597 epistolae
797 2504 1029 2585 admirabiles,
1059 2529 1143 2595 quac
1168 2504 1255 2572 sicut
1275 2518 1356 2572 tunc
1383 2506 1554 2572 heresimn

413 2621 670 2702 oppresserunt,
706 2607 753 2672 ita
783 2632 871 2674 nunc
893 2607 1049 2673 eclesiam
1071 2610 1133 2673 Dei
1162 2609 1352 2675 aedificant.
1387 2608 1525 2700 Scripsit

413 2715 503 2780 enim
518 2712 704 2778 omiliarum
714 2709 837 2775 librum
854 2735 975 2790 unum,
995 2711 1036 2776 de
1051 2711 1166 2776 mundi
1182 2711 1350 2801 principio
1369 2725 1404 2777 et
1421 2712 1524 2778 diver-

414 2816 459 2881 sis
476 2815 549 2880 aliis
563 2813 819 2880 condicionibus
830 2811 935 2877 libros
953 2837 1010 2878 sex
1024 2837 1121 2879 versu
1139 2817 1395 2905 conpaginatos,
1409 2816 1524 2906 episto-

414 2919 531 3008 laquae
555 2918 660 2982 libros
684 2939 819 2994 novem,
847 2913 936 2979 inter
960 2939 1042 3005 quas
1072 2915 1283 3004 supradictae
1314 2917 1526 2983 continentur

414 3021 586 3110 epistolae.
605 3017 719 3085 Relert
732 3018 821 3082 enim
836 3015 872 3081 in
887 3017 1030 3106 quadam
1047 3018 1183 3098 omelia,
1206 3043 1304 3108 quam
1324 3019 1366 3084 de
1382 3019 1523 3112 rogatio·
1535 3039 1555 3076 n

414 3123 513 3189 nibus
528 3121 679 3211 scripsit,
699 3122 759 3185 has
781 3119 870 3208 ipsas
889 3117 1097 3211 rogationes,
1121 3145 1203 3211 quas
1226 3133 1301 3186 ante
1324 3121 1526 3188 ascensionis

413 3225 600 3292 dominicae
618 3223 822 3312 triumphum
836 3223 1074 3303 caelebramus,
1092 3247 1109 3287 a
1126 3225 1288 3290 Mamerto
1298 3223 1404 3315 ipsius
1419 3223 1528 3313 Vico-ll

297 3329 529 3400 cotennensis
567 3325 659 3392 urhis
687 3322 865 3415 episcopo,
896 3324 949 3390 cui
977 3338 1010 3390 et
1032 3326 1088 3391 hic
1114 3351 1153 3391 eo
1182 3340 1334 3417 tempore
1360 3342 1525 3418 praeerat,

414 3429 584 3495 institutas
603 3429 720 3507 luisse,
738 3428 816 3493 dum
836 3426 929 3492 urbis
947 3427 1002 3492 illa
1021 3428 1133 3494 multis
1151 3441 1334 3496 terreretur
1351 3433 1524 3527 prodigiis.

414 3533 498 3600 Nam
519 3544 626 3596 terrae
651 3541 743 3595 motu
767 3529 933 3619 frequenti
961 3529 1183 3621 quatiebatur,
1218 3534 1333 3600 sedet
1358 3562 1525 3606 cervorum
1537 3565 1557 3602 a

414 3648 513 3725 atque
530 3634 684 3724 loporum
700 3631 814 3698 feritas
833 3646 947 3723 portas
962 3633 1131 3725 ingressa,
1151 3658 1211 3722 per
1229 3648 1352 3719 totam,
1371 3653 1409 3706 ut
1429 3645 1526 3733 scrip·
1572 3665 1573 3674 ¹

415 3738 477 3817 sit,
499 3737 616 3802 urbem
631 3734 715 3800 nihil
734 3748 885 3802 metuens
905 3737 1093 3801 oberrabat.
1111 3737 1260 3826 Cumque
1278 3739 1360 3807 haec
1376 3768 1438 3832 per
1454 3745 1527 3811 anni

416 3838 574 3904 circolum
591 3850 799 3929 gererentur,
824 3837 1078 3903 advenientibus
1089 3838 1255 3928 paschalis
1274 3842 1528 3936 sollempnitatis

414 3940 553 4021 diebus,
567 3942 764 4029 expectabat
778 3937 1039 4005 misericordiam
1058 3940 1121 4006 Dei
1131 3940 1227 4030 plebs
1247 3955 1316 4008 tota
1332 3945 1483 4030 devotae,
1496 3961 1528 4014 ut
1571 3975 1572 3996 ¹

414 4043 466 4108 vel
498 4042 554 4108 hic
585 4065 723 4134 magnae
750 4041 982 4109 sollemnitatis
999 4043 1071 4110 dies
1098 4043 1175 4109 huic
1204 4047 1323 4112 terrori
1351 4052 1558 4120 terminumn

416 4146 544 4211 darent.
570 4146 636 4210 Sed
657 4145 691 4210 in
709 4144 780 4235 ipsa
797 4145 962 4236 gloriosae
981 4145 1088 4212 noctis
1108 4146 1240 4236 vigilia,
1262 4150 1340 4214 dum
1355 4152 1526 4220 missarum
1570 4227 1571 4234 ,

1122 4299 1529 4318 “··“““··“···

446 4367 468 4415 t.
487 4367 677 4426 rs.ai‚1a.-
693 4367 716 4415 a.
734 4366 777 4415 r..
791 4367 925 4427 aa,1o.-
941 4369 964 4416 a.
982 4366 1039 4417 cn.
1054 4371 1083 4429 c,
1095 4370 1118 4418 7.
