<?xml version="1.0" encoding="UTF-8"?>
<!DOCTYPE html PUBLIC "-//W3C//DTD XHTML 1.0 Transitional//EN"
    "http://www.w3.org/TR/xhtml1/DTD/xhtml1-transitional.dtd">
<html xmlns="http://www.w3.org/1999/xhtml" xml:lang="en" lang="en">
 <head>
  <title>
</title>
<meta http-equiv="Content-Type" content="text/html;charset=utf-8" />
  <meta name='ocr-system' content='tesseract 3.04.00' />
  <meta name='ocr-capabilities' content='ocr_page ocr_carea ocr_par ocr_line ocrx_word'/>
</head>
<body>
  <div class='ocr_page' id='page_1' title='image "./grgoiredetoursh00greggoog_0249.png"; bbox 0 0 3256 5144; ppageno 0'>
   <div class='ocr_carea' id='block_1_1' title="bbox 418 501 1256 564">
    <p class='ocr_par' dir='ltr' id='par_1_1' title="bbox 418 501 1256 564">
     <span class='ocr_line' id='line_1_1' title="bbox 418 501 1256 564; baseline -0.016 -3"><span class='ocrx_word' id='word_1_1' title='bbox 418 511 583 564; x_wconf 81' lang='lat' dir='ltr'><strong>HISTORIAE</strong></span> <span class='ocrx_word' id='word_1_2' title='bbox 601 509 802 560; x_wconf 80' lang='lat' dir='ltr'>FRANCORUM</span> <span class='ocrx_word' id='word_1_3' title='bbox 820 507 916 558; x_wconf 84' lang='lat' dir='ltr'><strong>LIBER</strong></span> <span class='ocrx_word' id='word_1_4' title='bbox 932 505 962 554; x_wconf 90' lang='lat' dir='ltr'><strong>V.</strong></span> <span class='ocrx_word' id='word_1_5' title='bbox 1212 501 1256 550; x_wconf 76' lang='lat'><strong>187</strong></span> 
     </span>
    </p>
   </div>
   <div class='ocr_carea' id='block_1_2' title="bbox 101 621 1411 1435">
    <p class='ocr_par' dir='ltr' id='par_1_2' title="bbox 133 621 1388 718">
     <span class='ocr_line' id='line_1_2' title="bbox 133 621 1388 718; baseline -0.009 -25"><span class='ocrx_word' id='word_1_6' title='bbox 133 630 207 693; x_wconf 80' lang='lat' dir='ltr'><strong>bum</strong></span> <span class='ocrx_word' id='word_1_7' title='bbox 233 628 248 718; x_wconf 77' lang='grc'><strong>11</strong></span> <span class='ocrx_word' id='word_1_8' title='bbox 269 644 341 692; x_wconf 89' lang='lat' dir='ltr'><strong>erut</strong></span> <span class='ocrx_word' id='word_1_9' title='bbox 361 631 452 718; x_wconf 84' lang='lat' dir='ltr'><strong>opud</strong></span> <span class='ocrx_word' id='word_1_10' title='bbox 476 631 598 708; x_wconf 87' lang='lat' dir='ltr'><strong>Deum,</strong></span> <span class='ocrx_word' id='word_1_11' title='bbox 619 643 649 691; x_wconf 92' lang='lat' dir='ltr'><strong>et</strong></span> <span class='ocrx_word' id='word_1_12' title='bbox 671 630 760 692; x_wconf 85' lang='lat' dir='ltr'><strong>Deus</strong></span> <span class='ocrx_word' id='word_1_13' title='bbox 786 640 858 690; x_wconf 88' lang='lat' dir='ltr'><strong>erut</strong></span> <span class='ocrx_word' id='word_1_14' title='bbox 885 622 1055 692; x_wconf 73' lang='lat' dir='ltr'><strong>Verbumt.</strong></span> <span class='ocrx_word' id='word_1_15' title='bbox 1088 621 1157 684; x_wconf 89' lang='lat' dir='ltr'><strong>Hoe</strong></span> <span class='ocrx_word' id='word_1_16' title='bbox 1183 625 1320 684; x_wconf 81' lang='lat' dir='ltr'><strong>eratcol·</strong></span> <span class='ocrx_word' id='word_1_17' title='bbox 1334 627 1388 675; x_wconf 72' lang='grc'><strong>155·</strong></span> 
     </span>
    </p>

    <p class='ocr_par' dir='ltr' id='par_1_3' title="bbox 131 726 1294 821">
     <span class='ocr_line' id='line_1_3' title="bbox 131 726 1294 821; baseline -0.007 -27"><span class='ocrx_word' id='word_1_18' title='bbox 131 754 209 821; x_wconf 80' lang='lat' dir='ltr'><strong>ergo</strong></span> <span class='ocrx_word' id='word_1_19' title='bbox 236 732 373 796; x_wconf 80' lang='lat' dir='ltr'><em>Verbum</em></span> <span class='ocrx_word' id='word_1_20' title='bbox 389 755 468 796; x_wconf 79' lang='lat' dir='ltr'><strong>euro</strong></span> <span class='ocrx_word' id='word_1_21' title='bbox 485 733 613 821; x_wconf 79' lang='lat' dir='ltr'><strong>fuctum</strong></span> <span class='ocrx_word' id='word_1_22' title='bbox 632 743 724 795; x_wconf 80' lang='lat' dir='ltr'><strong>estet</strong></span> <span class='ocrx_word' id='word_1_23' title='bbox 738 729 898 794; x_wconf 78' lang='lat' dir='ltr'><strong>habitauit</strong></span> <span class='ocrx_word' id='word_1_24' title='bbox 911 732 943 790; x_wconf 89' lang='lat' dir='ltr'><strong>iu</strong></span> <span class='ocrx_word' id='word_1_25' title='bbox 959 726 1063 803; x_wconf 82' lang='lat' dir='ltr'><strong>uobis,</strong></span> <span class='ocrx_word' id='word_1_26' title='bbox 1079 741 1255 812; x_wconf 83' lang='lat' dir='ltr'><strong>perquem</strong></span> <span class='ocrx_word' id='word_1_27' title='bbox 1292 802 1294 806; x_wconf 23' lang='grc' dir='ltr'>Ι</span> 
     </span>
    </p>

    <p class='ocr_par' dir='ltr' id='par_1_4' title="bbox 127 823 1254 922">
     <span class='ocr_line' id='line_1_4' title="bbox 127 823 1254 922; baseline -0.007 -26"><span class='ocrx_word' id='word_1_28' title='bbox 127 834 224 922; x_wconf 77' lang='lat' dir='ltr'><strong>faeta</strong></span> <span class='ocrx_word' id='word_1_29' title='bbox 249 847 327 897; x_wconf 81' lang='lat' dir='ltr'><strong>euru</strong></span> <span class='ocrx_word' id='word_1_30' title='bbox 349 839 459 897; x_wconf 78' lang='lat' dir='ltr'><strong>onznia</strong></span> <span class='ocrx_word' id='word_1_31' title='bbox 475 834 498 897; x_wconf 70' lang='lat'><strong>2.</strong></span> <span class='ocrx_word' id='word_1_32' title='bbox 526 836 609 901; x_wconf 89' lang='lat' dir='ltr'><strong>Nam</strong></span> <span class='ocrx_word' id='word_1_33' title='bbox 635 857 693 898; x_wconf 92' lang='lat' dir='ltr'><strong>vos</strong></span> <span class='ocrx_word' id='word_1_34' title='bbox 718 830 843 896; x_wconf 87' lang='lat' dir='ltr'><strong>caecati</strong></span> <span class='ocrx_word' id='word_1_35' title='bbox 861 852 990 895; x_wconf 89' lang='lat' dir='ltr'><strong>veneno</strong></span> <span class='ocrx_word' id='word_1_36' title='bbox 1009 823 1254 917; x_wconf 84' lang='lat' dir='ltr'><strong>persuasionis,</strong></span> 
     </span>
    </p>

    <p class='ocr_par' dir='ltr' id='par_1_5' title="bbox 101 921 1411 1124">
     <span class='ocr_line' id='line_1_5' title="bbox 131 921 1411 1020; baseline -0.005 -24"><span class='ocrx_word' id='word_1_37' title='bbox 131 933 216 999; x_wconf 89' lang='lat' dir='ltr'>nihil</span> <span class='ocrx_word' id='word_1_38' title='bbox 237 935 286 998; x_wconf 54' lang='lat' dir='ltr'><strong>de*</strong></span> <span class='ocrx_word' id='word_1_39' title='bbox 299 921 370 1000; x_wconf 83' lang='lat' dir='ltr'><strong>Deo</strong></span> <span class='ocrx_word' id='word_1_40' title='bbox 388 935 538 1002; x_wconf 76' lang='lat' dir='ltr'><strong>sentietis</strong></span> <span class='ocrx_word' id='word_1_41' title='bbox 553 936 575 999; x_wconf 83' lang='lat'><strong>³.</strong></span> <span class='ocrx_word' id='word_1_42' title='bbox 598 961 615 998; x_wconf 80' lang='lat' dir='ltr'><strong>a</strong></span> <span class='ocrx_word' id='word_1_43' title='bbox 634 937 675 1000; x_wconf 85' lang='lat' dir='ltr'><strong>Et</strong></span> <span class='ocrx_word' id='word_1_44' title='bbox 694 933 750 999; x_wconf 88' lang='lat' dir='ltr'><strong>ille</strong></span> <span class='ocrx_word' id='word_1_45' title='bbox 769 960 775 997; x_wconf 74' lang='grc' dir='ltr'>ε</span> <span class='ocrx_word' id='word_1_46' title='bbox 796 959 812 995; x_wconf 84' lang='lat' dir='ltr'><strong>u</strong></span> <span class='ocrx_word' id='word_1_47' title='bbox 832 931 1000 1020; x_wconf 87' lang='lat' dir='ltr'>Numquid</span> <span class='ocrx_word' id='word_1_48' title='bbox 1013 929 1026 1020; x_wconf 74' lang='lat' dir='ltr'><strong>ll</strong></span> <span class='ocrx_word' id='word_1_49' title='bbox 1041 939 1074 994; x_wconf 88' lang='lat' dir='ltr'><strong>et</strong></span> <span class='ocrx_word' id='word_1_50' title='bbox 1093 927 1255 1016; x_wconf 89' lang='lat' dir='ltr'><strong>Spiritum</strong></span> <span class='ocrx_word' id='word_1_51' title='bbox 1266 939 1321 990; x_wconf 73' lang='lat' dir='ltr'><strong>tol.</strong></span> <span class='ocrx_word' id='word_1_52' title='bbox 1333 940 1362 988; x_wconf 89' lang='lat'><strong>77</strong></span> <span class='ocrx_word' id='word_1_53' title='bbox 1375 948 1411 989; x_wconf 73' lang='lat' dir='ltr'><strong>r.</strong></span> 
     </span>
     <span class='ocr_line' id='line_1_6' title="bbox 101 1029 1255 1124; baseline -0.004 -25"><span class='ocrx_word' id='word_1_54' title='bbox 101 1045 283 1101; x_wconf 83' lang='lat' dir='ltr'><strong>ssanotum</strong></span> <span class='ocrx_word' id='word_1_55' title='bbox 308 1040 415 1101; x_wconf 89' lang='lat' dir='ltr'><strong>Deum</strong></span> <span class='ocrx_word' id='word_1_56' title='bbox 440 1036 552 1102; x_wconf 86' lang='lat' dir='ltr'><strong>dicitis</strong></span> <span class='ocrx_word' id='word_1_57' title='bbox 578 1050 634 1102; x_wconf 85' lang='lat' dir='ltr'><strong>aut</strong></span> <span class='ocrx_word' id='word_1_58' title='bbox 653 1035 824 1124; x_wconf 88' lang='lat' dir='ltr'><strong>aequalem</strong></span> <span class='ocrx_word' id='word_1_59' title='bbox 851 1033 939 1099; x_wconf 90' lang='lat' dir='ltr'><strong>Patri</strong></span> <span class='ocrx_word' id='word_1_60' title='bbox 962 1030 1115 1120; x_wconf 90' lang='lat' dir='ltr'><strong>Filioque</strong></span> <span class='ocrx_word' id='word_1_61' title='bbox 1138 1029 1255 1095; x_wconf 88' lang='lat' dir='ltr'><strong>deoer·</strong></span> 
     </span>
    </p>

    <p class='ocr_par' dir='ltr' id='par_1_6' title="bbox 130 1133 1253 1230">
     <span class='ocr_line' id='line_1_7' title="bbox 130 1133 1253 1230; baseline -0.008 -28"><span class='ocrx_word' id='word_1_62' title='bbox 130 1133 239 1203; x_wconf 78' lang='lat' dir='ltr'><strong>nitis?</strong></span> <span class='ocrx_word' id='word_1_63' title='bbox 258 1163 275 1200; x_wconf 83' lang='lat' dir='ltr'><strong>a</strong></span> <span class='ocrx_word' id='word_1_64' title='bbox 297 1139 358 1204; x_wconf 90' lang='lat' dir='ltr'><strong>Cui</strong></span> <span class='ocrx_word' id='word_1_65' title='bbox 382 1163 445 1230; x_wconf 86' lang='lat' dir='ltr'><strong>ego</strong></span> <span class='ocrx_word' id='word_1_66' title='bbox 467 1166 475 1203; x_wconf 75' lang='grc' dir='ltr'><strong><em>ε</em></strong></span> <span class='ocrx_word' id='word_1_67' title='bbox 499 1166 516 1203; x_wconf 86' lang='lat' dir='ltr'><strong>u</strong></span> <span class='ocrx_word' id='word_1_68' title='bbox 542 1143 615 1207; x_wconf 89' lang='lat' dir='ltr'><strong>Una</strong></span> <span class='ocrx_word' id='word_1_69' title='bbox 640 1141 673 1203; x_wconf 92' lang='lat' dir='ltr'><strong>in</strong></span> <span class='ocrx_word' id='word_1_70' title='bbox 695 1138 803 1203; x_wconf 87' lang='lat' dir='ltr'><strong>trihus</strong></span> <span class='ocrx_word' id='word_1_71' title='bbox 823 1148 875 1202; x_wconf 89' lang='lat' dir='ltr'><strong>est</strong></span> <span class='ocrx_word' id='word_1_72' title='bbox 891 1134 1065 1212; x_wconf 89' lang='lat' dir='ltr'><strong>voluntas,</strong></span> <span class='ocrx_word' id='word_1_73' title='bbox 1087 1143 1253 1221; x_wconf 85' lang='lat' dir='ltr'><strong>potestas,</strong></span> 
     </span>
    </p>

    <p class='ocr_par' dir='ltr' id='par_1_7' title="bbox 130 1232 1255 1329">
     <span class='ocr_line' id='line_1_8' title="bbox 130 1232 1255 1329; baseline -0.006 -24"><span class='ocrx_word' id='word_1_74' title='bbox 130 1241 302 1329; x_wconf 88' lang='lat' dir='ltr'><strong>operatio;</strong></span> <span class='ocrx_word' id='word_1_75' title='bbox 324 1265 410 1307; x_wconf 89' lang='lat' dir='ltr'><strong>unus</strong></span> <span class='ocrx_word' id='word_1_76' title='bbox 428 1242 576 1308; x_wconf 76' lang='lat' dir='ltr'><strong>Deus&#39;in</strong></span> <span class='ocrx_word' id='word_1_77' title='bbox 600 1240 751 1307; x_wconf 88' lang='lat' dir='ltr'><strong>trinitate</strong></span> <span class='ocrx_word' id='word_1_78' title='bbox 774 1253 808 1306; x_wconf 88' lang='lat' dir='ltr'><strong>et</strong></span> <span class='ocrx_word' id='word_1_79' title='bbox 829 1237 937 1305; x_wconf 88' lang='lat' dir='ltr'><strong>trinus</strong></span> <span class='ocrx_word' id='word_1_80' title='bbox 961 1236 995 1301; x_wconf 76' lang='lat' dir='ltr'><strong>i&#39;n</strong></span> <span class='ocrx_word' id='word_1_81' title='bbox 1015 1232 1155 1300; x_wconf 89' lang='lat' dir='ltr'><strong>unitate.</strong></span> <span class='ocrx_word' id='word_1_82' title='bbox 1174 1234 1255 1300; x_wconf 87' lang='lat' dir='ltr'><strong>Tres</strong></span> 
     </span>
    </p>

    <p class='ocr_par' dir='ltr' id='par_1_8' title="bbox 130 1329 1256 1435">
     <span class='ocr_line' id='line_1_9' title="bbox 130 1333 1256 1435; baseline -0.009 -27"><span class='ocrx_word' id='word_1_83' title='bbox 130 1367 315 1432; x_wconf 78' lang='lat' dir='ltr'>personae,</span> <span class='ocrx_word' id='word_1_84' title='bbox 341 1343 400 1408; x_wconf 93' lang='lat' dir='ltr'><strong>sed</strong></span> <span class='ocrx_word' id='word_1_85' title='bbox 422 1365 525 1408; x_wconf 89' lang='lat' dir='ltr'><strong>unum</strong></span> <span class='ocrx_word' id='word_1_86' title='bbox 547 1367 707 1435; x_wconf 88' lang='lat' dir='ltr'><strong>regnum,</strong></span> <span class='ocrx_word' id='word_1_87' title='bbox 736 1367 802 1410; x_wconf 92' lang='lat' dir='ltr'><strong>una</strong></span> <span class='ocrx_word' id='word_1_88' title='bbox 819 1341 994 1420; x_wconf 86' lang='lat' dir='ltr'><strong>maiestas,</strong></span> <span class='ocrx_word' id='word_1_89' title='bbox 1016 1361 1080 1405; x_wconf 82' lang='lat' dir='ltr'><strong>une</strong></span> <span class='ocrx_word' id='word_1_90' title='bbox 1104 1333 1256 1426; x_wconf 86' lang='lat' dir='ltr'><strong>potentia</strong></span> 
     </span>
    </p>
   </div>
   <div class='ocr_carea' id='block_1_3' title="bbox 10 2 20 411">
    <p class='ocr_par' dir='ltr' id='par_1_9' title="bbox 10 2 20 411">
     <span class='ocr_line' id='line_1_10' title="bbox 10 2 20 411; baseline 0 -181"><span class='ocrx_word' id='word_1_91' title='bbox 10 2 20 411; x_wconf 49' lang='grc' dir='ltr'><em>ρ</em></span> 
     </span>
    </p>
   </div>
   <div class='ocr_carea' id='block_1_4' title="bbox 87 1444 1392 4191">
    <p class='ocr_par' dir='ltr' id='par_1_10' title="bbox 87 1444 1392 4191">
     <span class='ocr_line' id='line_1_11' title="bbox 130 1444 1255 1535; baseline -0.006 -26"><span class='ocrx_word' id='word_1_92' title='bbox 130 1445 454 1535; x_wconf 79' lang='lat' dir='ltr'><strong>omnipotentiaque.</strong></span> <span class='ocrx_word' id='word_1_93' title='bbox 490 1471 507 1510; x_wconf 82' lang='lat' dir='ltr'><strong>a</strong></span> <span class='ocrx_word' id='word_1_94' title='bbox 536 1449 577 1511; x_wconf 89' lang='lat' dir='ltr'><strong>Et</strong></span> <span class='ocrx_word' id='word_1_95' title='bbox 609 1446 665 1510; x_wconf 88' lang='lat' dir='ltr'><strong>ille</strong></span> <span class='ocrx_word' id='word_1_96' title='bbox 706 1472 712 1509; x_wconf 94' lang='lat'><strong>:</strong></span> <span class='ocrx_word' id='word_1_97' title='bbox 750 1471 767 1508; x_wconf 81' lang='lat' dir='ltr'><strong>u</strong></span> <span class='ocrx_word' id='word_1_98' title='bbox 801 1444 947 1533; x_wconf 81' lang='lat' dir='ltr'><strong>Spiritus</strong></span> <span class='ocrx_word' id='word_1_99' title='bbox 975 1451 1123 1518; x_wconf 88' lang='lat' dir='ltr'><strong>sanetus,</strong></span> <span class='ocrx_word' id='word_1_100' title='bbox 1157 1459 1255 1528; x_wconf 88' lang='lat' dir='ltr'><strong>quem</strong></span> 
     </span>
     <span class='ocr_line' id='line_1_12' title="bbox 89 1539 1254 1636; baseline -0.005 -26"><span class='ocrx_word' id='word_1_101' title='bbox 89 1571 114 1610; x_wconf 85' lang='lat' dir='ltr'><strong>m</strong></span> <span class='ocrx_word' id='word_1_102' title='bbox 131 1547 304 1635; x_wconf 88' lang='lat' dir='ltr'><strong>aequalem</strong></span> <span class='ocrx_word' id='word_1_103' title='bbox 320 1545 410 1612; x_wconf 87' lang='lat' dir='ltr'><strong>Patri</strong></span> <span class='ocrx_word' id='word_1_104' title='bbox 429 1547 586 1636; x_wconf 82' lang='lat' dir='ltr'><strong>profertis</strong></span> <span class='ocrx_word' id='word_1_105' title='bbox 603 1571 641 1613; x_wconf 89' lang='lat' dir='ltr'><strong>ao</strong></span> <span class='ocrx_word' id='word_1_106' title='bbox 655 1547 761 1625; x_wconf 91' lang='lat' dir='ltr'><strong>Filio,</strong></span> <span class='ocrx_word' id='word_1_107' title='bbox 778 1548 930 1636; x_wconf 89' lang='lat' dir='ltr'><strong>utrisque</strong></span> <span class='ocrx_word' id='word_1_108' title='bbox 947 1544 1057 1609; x_wconf 90' lang='lat' dir='ltr'><strong>minor</strong></span> <span class='ocrx_word' id='word_1_109' title='bbox 1071 1539 1254 1630; x_wconf 78' lang='lat' dir='ltr'><strong>aeeipitur3</strong></span> 
     </span>
     <span class='ocr_line' id='line_1_13' title="bbox 131 1645 1257 1740; baseline -0.006 -26"><span class='ocrx_word' id='word_1_110' title='bbox 131 1647 209 1738; x_wconf 86' lang='lat' dir='ltr'><strong>quia</strong></span> <span class='ocrx_word' id='word_1_111' title='bbox 226 1660 260 1713; x_wconf 88' lang='lat' dir='ltr'><strong>et</strong></span> <span class='ocrx_word' id='word_1_112' title='bbox 279 1673 297 1714; x_wconf 89' lang='lat' dir='ltr'><strong>a</strong></span> <span class='ocrx_word' id='word_1_113' title='bbox 316 1649 402 1716; x_wconf 90' lang='lat' dir='ltr'><strong>Filio</strong></span> <span class='ocrx_word' id='word_1_114' title='bbox 422 1650 607 1739; x_wconf 88' lang='lat' dir='ltr'><strong>promissus</strong></span> <span class='ocrx_word' id='word_1_115' title='bbox 628 1664 661 1716; x_wconf 89' lang='lat' dir='ltr'><strong>et</strong></span> <span class='ocrx_word' id='word_1_116' title='bbox 683 1673 700 1716; x_wconf 88' lang='lat' dir='ltr'><strong>a</strong></span> <span class='ocrx_word' id='word_1_117' title='bbox 725 1653 823 1716; x_wconf 88' lang='lat' dir='ltr'><strong>Patre</strong></span> <span class='ocrx_word' id='word_1_118' title='bbox 845 1647 971 1740; x_wconf 84' lang='lat' dir='ltr'><strong>legitur</strong></span> <span class='ocrx_word' id='word_1_119' title='bbox 993 1645 1125 1711; x_wconf 90' lang='lat' dir='ltr'><strong>missus.</strong></span> <span class='ocrx_word' id='word_1_120' title='bbox 1151 1645 1257 1710; x_wconf 88' lang='lat' dir='ltr'><strong>Nemo</strong></span> 
     </span>
     <span class='ocr_line' id='line_1_14' title="bbox 132 1742 1258 1843; baseline -0.005 -29"><span class='ocrx_word' id='word_1_121' title='bbox 132 1751 220 1816; x_wconf 90' lang='lat' dir='ltr'><strong>enim</strong></span> <span class='ocrx_word' id='word_1_122' title='bbox 243 1750 426 1840; x_wconf 88' lang='lat' dir='ltr'><strong>promittit,</strong></span> <span class='ocrx_word' id='word_1_123' title='bbox 460 1753 525 1819; x_wconf 88' lang='lat' dir='ltr'><strong>nisi</strong></span> <span class='ocrx_word' id='word_1_124' title='bbox 550 1753 639 1843; x_wconf 93' lang='lat' dir='ltr'><strong>quod</strong></span> <span class='ocrx_word' id='word_1_125' title='bbox 671 1775 749 1818; x_wconf 90' lang='lat' dir='ltr'><strong>suae</strong></span> <span class='ocrx_word' id='word_1_126' title='bbox 779 1742 1001 1817; x_wconf 79' lang='lat' dir='ltr'><strong>dominationi</strong></span> <span class='ocrx_word' id='word_1_127' title='bbox 1025 1746 1198 1824; x_wconf 84' lang='lat' dir='ltr'><strong>subsistit3</strong></span> <span class='ocrx_word' id='word_1_128' title='bbox 1224 1756 1258 1809; x_wconf 87' lang='lat' dir='ltr'><strong>et</strong></span> 
     </span>
     <span class='ocr_line' id='line_1_15' title="bbox 131 1849 1256 1942; baseline -0.004 -25"><span class='ocrx_word' id='word_1_129' title='bbox 131 1876 229 1919; x_wconf 90' lang='lat' dir='ltr'><strong>nemo</strong></span> <span class='ocrx_word' id='word_1_130' title='bbox 250 1854 365 1936; x_wconf 90' lang='lat' dir='ltr'><strong>mittit,</strong></span> <span class='ocrx_word' id='word_1_131' title='bbox 388 1855 454 1921; x_wconf 90' lang='lat' dir='ltr'><strong>nisi</strong></span> <span class='ocrx_word' id='word_1_132' title='bbox 474 1855 667 1924; x_wconf 84' lang='lat' dir='ltr'><strong>inferiorem</strong></span> <span class='ocrx_word' id='word_1_133' title='bbox 690 1854 772 1936; x_wconf 88' lang='lat' dir='ltr'><strong>sibi,</strong></span> <span class='ocrx_word' id='word_1_134' title='bbox 796 1851 974 1942; x_wconf 86' lang='lat' dir='ltr'><strong>sicutipse</strong></span> <span class='ocrx_word' id='word_1_135' title='bbox 994 1850 1040 1916; x_wconf 89' lang='lat' dir='ltr'><strong>ait</strong></span> <span class='ocrx_word' id='word_1_136' title='bbox 1059 1849 1093 1914; x_wconf 89' lang='lat' dir='ltr'><strong>in</strong></span> <span class='ocrx_word' id='word_1_137' title='bbox 1111 1871 1256 1939; x_wconf 83' lang='lat' dir='ltr'><strong>euange-</strong></span> 
     </span>
     <span class='ocr_line' id='line_1_16' title="bbox 131 1953 1256 2048; baseline -0.005 -30"><span class='ocrx_word' id='word_1_138' title='bbox 131 1953 176 2021; x_wconf 92' lang='lat' dir='ltr'><strong>lio</strong></span> <span class='ocrx_word' id='word_1_139' title='bbox 202 1981 209 2020; x_wconf 93' lang='lat'>:</span> <span class='ocrx_word' id='word_1_140' title='bbox 234 1957 310 2023; x_wconf 81' lang='lat' dir='ltr'><strong>Nisi</strong></span> <span class='ocrx_word' id='word_1_141' title='bbox 333 1983 391 2048; x_wconf 75' lang='lat' dir='ltr'><strong>ego</strong></span> <span class='ocrx_word' id='word_1_142' title='bbox 411 1959 540 2038; x_wconf 85' lang='lat' dir='ltr'><strong>obiero,</strong></span> <span class='ocrx_word' id='word_1_143' title='bbox 568 1959 760 2024; x_wconf 83' lang='lat' dir='ltr'><strong>Purarlitus</strong></span> <span class='ocrx_word' id='word_1_144' title='bbox 784 1957 837 2022; x_wconf 91' lang='lat' dir='ltr'><strong>ille</strong></span> <span class='ocrx_word' id='word_1_145' title='bbox 861 1979 925 2020; x_wconf 84' lang='lat' dir='ltr'><strong>nou</strong></span> <span class='ocrx_word' id='word_1_146' title='bbox 948 1959 1073 2036; x_wconf 82' lang='lat' dir='ltr'><strong>ueniet,·</strong></span> <span class='ocrx_word' id='word_1_147' title='bbox 1092 1957 1123 2016; x_wconf 88' lang='lat' dir='ltr'><strong>si</strong></span> <span class='ocrx_word' id='word_1_148' title='bbox 1147 1963 1256 2014; x_wconf 84' lang='lat' dir='ltr'><strong>autem</strong></span> 
     </span>
     <span class='ocr_line' id='line_1_17' title="bbox 90 2051 1254 2146; baseline -0.004 -26"><span class='ocrx_word' id='word_1_149' title='bbox 90 2083 116 2121; x_wconf 85' lang='lat'><strong>15</strong></span> <span class='ocrx_word' id='word_1_150' title='bbox 132 2057 257 2137; x_wconf 83' lang='lat' dir='ltr'><strong>adiero,</strong></span> <span class='ocrx_word' id='word_1_151' title='bbox 281 2065 407 2124; x_wconf 88' lang='lat' dir='ltr'><strong>mittum</strong></span> <span class='ocrx_word' id='word_1_152' title='bbox 432 2061 523 2125; x_wconf 85' lang='lat' dir='ltr'><strong>illum</strong></span> <span class='ocrx_word' id='word_1_153' title='bbox 550 2062 597 2125; x_wconf 84' lang='lat' dir='ltr'><strong>ud</strong></span> <span class='ocrx_word' id='word_1_154' title='bbox 622 2061 713 2126; x_wconf 67' lang='lat' dir='ltr'><strong>uosl.</strong></span> <span class='ocrx_word' id='word_1_155' title='bbox 748 2087 764 2123; x_wconf 82' lang='lat' dir='ltr'><strong>u</strong></span> <span class='ocrx_word' id='word_1_156' title='bbox 788 2059 841 2126; x_wconf 85' lang='lat' dir='ltr'><strong>Ad</strong></span> <span class='ocrx_word' id='word_1_157' title='bbox 868 2060 951 2123; x_wconf 89' lang='lat' dir='ltr'><strong>haee</strong></span> <span class='ocrx_word' id='word_1_158' title='bbox 982 2079 1045 2146; x_wconf 87' lang='lat' dir='ltr'><strong>ego</strong></span> <span class='ocrx_word' id='word_1_159' title='bbox 1068 2051 1254 2142; x_wconf 85' lang='lat' dir='ltr'><strong>respondi:</strong></span> 
     </span>
     <span class='ocr_line' id='line_1_18' title="bbox 133 2157 1256 2252; baseline 0 -30"><span class='ocrx_word' id='word_1_160' title='bbox 133 2187 149 2223; x_wconf 84' lang='lat' dir='ltr'><strong>u</strong></span> <span class='ocrx_word' id='word_1_161' title='bbox 166 2161 258 2226; x_wconf 93' lang='lat' dir='ltr'><strong>Bene</strong></span> <span class='ocrx_word' id='word_1_162' title='bbox 273 2160 378 2228; x_wconf 91' lang='lat' dir='ltr'><strong>Filius</strong></span> <span class='ocrx_word' id='word_1_163' title='bbox 395 2176 471 2228; x_wconf 89' lang='lat' dir='ltr'><strong>ante</strong></span> <span class='ocrx_word' id='word_1_164' title='bbox 490 2161 682 2252; x_wconf 79' lang='lat' dir='ltr'><strong>passionem</strong></span> <span class='ocrx_word' id='word_1_165' title='bbox 698 2162 763 2242; x_wconf 87' lang='lat' dir='ltr'><strong>ait,</strong></span> <span class='ocrx_word' id='word_1_166' title='bbox 786 2161 885 2252; x_wconf 90' lang='lat' dir='ltr'><strong>quia,</strong></span> <span class='ocrx_word' id='word_1_167' title='bbox 907 2159 971 2225; x_wconf 88' lang='lat' dir='ltr'><strong>nisi</strong></span> <span class='ocrx_word' id='word_1_168' title='bbox 993 2158 1049 2223; x_wconf 91' lang='lat' dir='ltr'><strong>ille</strong></span> <span class='ocrx_word' id='word_1_169' title='bbox 1063 2157 1104 2222; x_wconf 86' lang='lat' dir='ltr'><strong>ad</strong></span> <span class='ocrx_word' id='word_1_170' title='bbox 1124 2159 1256 2222; x_wconf 86' lang='lat' dir='ltr'><strong>Patrem</strong></span> 
     </span>
     <span class='ocr_line' id='line_1_19' title="bbox 130 2257 1258 2354; baseline -0.004 -28"><span class='ocrx_word' id='word_1_171' title='bbox 130 2261 238 2327; x_wconf 86' lang='lat' dir='ltr'><strong>vietor</strong></span> <span class='ocrx_word' id='word_1_172' title='bbox 255 2263 452 2329; x_wconf 83' lang='lat' dir='ltr'><strong>remeaverit</strong></span> <span class='ocrx_word' id='word_1_173' title='bbox 468 2288 506 2330; x_wconf 84' lang='lat' dir='ltr'><strong>ao</strong></span> <span class='ocrx_word' id='word_1_174' title='bbox 528 2263 666 2354; x_wconf 86' lang='lat' dir='ltr'><strong>proprio</strong></span> <span class='ocrx_word' id='word_1_175' title='bbox 694 2263 856 2354; x_wconf 86' lang='lat' dir='ltr'><strong>sanguine</strong></span> <span class='ocrx_word' id='word_1_176' title='bbox 880 2263 1055 2352; x_wconf 89' lang='lat' dir='ltr'><strong>redempto</strong></span> <span class='ocrx_word' id='word_1_177' title='bbox 1071 2257 1196 2324; x_wconf 86' lang='lat' dir='ltr'><strong>mundo</strong></span> <span class='ocrx_word' id='word_1_178' title='bbox 1218 2279 1258 2322; x_wconf 86' lang='lat' dir='ltr'><strong>ex</strong></span> 
     </span>
     <span class='ocr_line' id='line_1_20' title="bbox 131 2359 1253 2454; baseline -0.007 -26"><span class='ocrx_word' id='word_1_179' title='bbox 131 2363 266 2430; x_wconf 91' lang='lat' dir='ltr'><strong>homine</strong></span> <span class='ocrx_word' id='word_1_180' title='bbox 280 2377 458 2454; x_wconf 84' lang='lat' dir='ltr'><strong>praeparet</strong></span> <span class='ocrx_word' id='word_1_181' title='bbox 472 2366 712 2445; x_wconf 83' lang='lat' dir='ltr'><strong>habitaculum,</strong></span> <span class='ocrx_word' id='word_1_182' title='bbox 732 2389 799 2430; x_wconf 89' lang='lat' dir='ltr'><strong>non</strong></span> <span class='ocrx_word' id='word_1_183' title='bbox 816 2375 929 2454; x_wconf 87' lang='lat' dir='ltr'><strong>potest</strong></span> <span class='ocrx_word' id='word_1_184' title='bbox 946 2359 1093 2450; x_wconf 88' lang='lat' dir='ltr'><strong>Spiritus</strong></span> <span class='ocrx_word' id='word_1_185' title='bbox 1108 2370 1253 2437; x_wconf 87' lang='lat' dir='ltr'><strong>sanetus,</strong></span> 
     </span>
     <span class='ocr_line' id='line_1_21' title="bbox 131 2457 1257 2556; baseline -0.004 -27"><span class='ocrx_word' id='word_1_186' title='bbox 131 2465 217 2530; x_wconf 89' lang='lat' dir='ltr'><strong>ide&#39;m</strong></span> <span class='ocrx_word' id='word_1_187' title='bbox 245 2467 335 2530; x_wconf 89' lang='lat' dir='ltr'><strong>Deus</strong></span> <span class='ocrx_word' id='word_1_188' title='bbox 348 2517 356 2548; x_wconf 94' lang='lat'><strong>,</strong></span> <span class='ocrx_word' id='word_1_189' title='bbox 378 2468 413 2532; x_wconf 93' lang='lat' dir='ltr'><strong>in</strong></span> <span class='ocrx_word' id='word_1_190' title='bbox 438 2480 576 2556; x_wconf 80' lang='lat' dir='ltr'><strong>pectore</strong></span> <span class='ocrx_word' id='word_1_191' title='bbox 599 2465 743 2532; x_wconf 83' lang='lat' dir='ltr'><strong>fanatico</strong></span> <span class='ocrx_word' id='word_1_192' title='bbox 765 2477 798 2532; x_wconf 90' lang='lat' dir='ltr'><strong>et</strong></span> <span class='ocrx_word' id='word_1_193' title='bbox 816 2463 990 2556; x_wconf 87' lang='lat' dir='ltr'><strong>originalis</strong></span> <span class='ocrx_word' id='word_1_194' title='bbox 1011 2459 1161 2527; x_wconf 86' lang='lat' dir='ltr'><strong>oriminis</strong></span> <span class='ocrx_word' id='word_1_195' title='bbox 1189 2457 1257 2524; x_wconf 88' lang='lat' dir='ltr'><strong>labi</strong></span> 
     </span>
     <span class='ocr_line' id='line_1_22' title="bbox 87 2563 1253 2662; baseline -0.004 -30"><span class='ocrx_word' id='word_1_196' title='bbox 87 2567 298 2633; x_wconf 81' lang='lat' dir='ltr'><strong>aoinfeotos⁵</strong></span> <span class='ocrx_word' id='word_1_197' title='bbox 322 2567 532 2636; x_wconf 81' lang='lat' dir='ltr'><strong>discendere.</strong></span> <span class='ocrx_word' id='word_1_198' title='bbox 562 2572 704 2662; x_wconf 80' lang='lat' dir='ltr'><strong>Spiritus</strong></span> <span class='ocrx_word' id='word_1_199' title='bbox 732 2575 815 2634; x_wconf 87' lang='lat' dir='ltr'><strong>euim</strong></span> <span class='ocrx_word' id='word_1_200' title='bbox 842 2565 1053 2646; x_wconf 63' lang='lat' dir='ltr'><strong>sanciretis</strong></span> <span class='ocrx_word' id='word_1_201' title='bbox 1078 2563 1253 2644; x_wconf 87' lang='lat' dir='ltr'><strong>Salomon,</strong></span> 
     </span>
     <span class='ocr_line' id='line_1_23' title="bbox 131 2665 1257 2762; baseline -0.004 -28"><span class='ocrx_word' id='word_1_202' title='bbox 131 2696 147 2734; x_wconf 89' lang='lat' dir='ltr'><strong>e</strong></span> <span class='ocrx_word' id='word_1_203' title='bbox 174 2677 261 2760; x_wconf 78' lang='lat' dir='ltr'><strong>ugiet</strong></span> <span class='ocrx_word' id='word_1_204' title='bbox 276 2672 390 2758; x_wconf 82' lang='lat' dir='ltr'><strong>fletum</strong></span> <span class='ocrx_word' id='word_1_205' title='bbox 405 2673 427 2738; x_wconf 66' lang='grc' dir='ltr'><strong>θ.</strong></span> <span class='ocrx_word' id='word_1_206' title='bbox 453 2675 500 2740; x_wconf 92' lang='lat' dir='ltr'><strong>Tu</strong></span> <span class='ocrx_word' id='word_1_207' title='bbox 523 2686 644 2753; x_wconf 88' lang='lat' dir='ltr'><strong>autem,</strong></span> <span class='ocrx_word' id='word_1_208' title='bbox 665 2675 692 2738; x_wconf 92' lang='lat' dir='ltr'><strong>si</strong></span> <span class='ocrx_word' id='word_1_209' title='bbox 713 2697 804 2762; x_wconf 89' lang='lat' dir='ltr'><strong>spem</strong></span> <span class='ocrx_word' id='word_1_210' title='bbox 831 2671 975 2761; x_wconf 84' lang='lat' dir='ltr'><strong>aliquam</strong></span> <span class='ocrx_word' id='word_1_211' title='bbox 1000 2665 1257 2734; x_wconf 82' lang='lat' dir='ltr'><strong>resurrectionis</strong></span> 
     </span>
     <span class='ocr_line' id='line_1_24' title="bbox 130 2767 1258 2865; baseline -0.005 -28"><span class='ocrx_word' id='word_1_212' title='bbox 130 2774 251 2855; x_wconf 89' lang='lat' dir='ltr'><strong>habes,</strong></span> <span class='ocrx_word' id='word_1_213' title='bbox 278 2773 347 2840; x_wconf 92' lang='lat' dir='ltr'><strong>noli</strong></span> <span class='ocrx_word' id='word_1_214' title='bbox 371 2775 465 2864; x_wconf 90' lang='lat' dir='ltr'><strong>loqui</strong></span> <span class='ocrx_word' id='word_1_215' title='bbox 492 2775 649 2842; x_wconf 84' lang='lat' dir='ltr'><strong>adversus</strong></span> <span class='ocrx_word' id='word_1_216' title='bbox 675 2773 838 2865; x_wconf 87' lang='lat' dir='ltr'><strong>Spiritum</strong></span> <span class='ocrx_word' id='word_1_217' title='bbox 862 2784 1035 2851; x_wconf 87' lang='lat' dir='ltr'><strong>sanetum,</strong></span> <span class='ocrx_word' id='word_1_218' title='bbox 1066 2771 1145 2860; x_wconf 89' lang='lat' dir='ltr'><strong>quia</strong></span> <span class='ocrx_word' id='word_1_219' title='bbox 1170 2767 1258 2832; x_wconf 89' lang='lat' dir='ltr'><strong>iuste</strong></span> 
     </span>
     <span class='ocr_line' id='line_1_25' title="bbox 132 2873 1257 2968; baseline -0.005 -30"><span class='ocrx_word' id='word_1_220' title='bbox 132 2874 300 2940; x_wconf 88' lang='lat' dir='ltr'><strong>sententia</strong></span> <span class='ocrx_word' id='word_1_221' title='bbox 325 2877 461 2943; x_wconf 90' lang='lat' dir='ltr'><strong>Domini</strong></span> <span class='ocrx_word' id='word_1_222' title='bbox 495 2904 502 2942; x_wconf 94' lang='lat'>:</span> <span class='ocrx_word' id='word_1_223' title='bbox 533 2903 550 2940; x_wconf 83' lang='lat' dir='ltr'><strong>u</strong></span> <span class='ocrx_word' id='word_1_224' title='bbox 574 2880 613 2942; x_wconf 88' lang='lat' dir='ltr'><strong>Iu</strong></span> <span class='ocrx_word' id='word_1_225' title='bbox 633 2878 759 2968; x_wconf 82' lang='lat' dir='ltr'><strong>Spiritu</strong></span> <span class='ocrx_word' id='word_1_226' title='bbox 787 2889 902 2942; x_wconf 83' lang='lat' dir='ltr'><strong>saneto</strong></span> <span class='ocrx_word' id='word_1_227' title='bbox 928 2873 1175 2963; x_wconf 80' lang='lat' dir='ltr'><strong>blasphemante</strong></span> <span class='ocrx_word' id='word_1_228' title='bbox 1193 2893 1257 2934; x_wconf 87' lang='lat' dir='ltr'><strong>nou</strong></span> 
     </span>
     <span class='ocr_line' id='line_1_26' title="bbox 132 2970 1255 3068; baseline -0.003 -32"><span class='ocrx_word' id='word_1_229' title='bbox 132 2979 310 3040; x_wconf 87' lang='lat' dir='ltr'><strong>remittitur</strong></span> <span class='ocrx_word' id='word_1_230' title='bbox 328 3001 432 3066; x_wconf 86' lang='lat' dir='ltr'><strong>neque</strong></span> <span class='ocrx_word' id='word_1_231' title='bbox 451 2983 484 3042; x_wconf 87' lang='lat' dir='ltr'><strong>iu</strong></span> <span class='ocrx_word' id='word_1_232' title='bbox 502 2978 562 3042; x_wconf 84' lang='lat' dir='ltr'><strong>ltoe</strong></span> <span class='ocrx_word' id='word_1_233' title='bbox 581 2979 714 3043; x_wconf 83' lang='lat' dir='ltr'><strong>soeculo</strong></span> <span class='ocrx_word' id='word_1_234' title='bbox 734 3001 838 3067; x_wconf 87' lang='lat' dir='ltr'><strong>ueque</strong></span> <span class='ocrx_word' id='word_1_235' title='bbox 857 2982 890 3042; x_wconf 83' lang='lat' dir='ltr'><strong>in</strong></span> <span class='ocrx_word' id='word_1_236' title='bbox 903 2977 1019 3068; x_wconf 76' lang='lat' dir='ltr'><strong>futuro</strong></span> <span class='ocrx_word' id='word_1_237' title='bbox 1031 2973 1053 3038; x_wconf 81' lang='lat'><strong>⁷.</strong></span> <span class='ocrx_word' id='word_1_238' title='bbox 1076 2999 1092 3034; x_wconf 82' lang='lat' dir='ltr'><strong>u</strong></span> <span class='ocrx_word' id='word_1_239' title='bbox 1112 2974 1154 3038; x_wconf 86' lang='lat' dir='ltr'><strong>Et</strong></span> <span class='ocrx_word' id='word_1_240' title='bbox 1172 2970 1229 3034; x_wconf 91' lang='lat' dir='ltr'><strong>ille</strong></span> <span class='ocrx_word' id='word_1_241' title='bbox 1248 2997 1255 3034; x_wconf 91' lang='lat'>:</span> 
     </span>
     <span class='ocr_line' id='line_1_27' title="bbox 90 3074 1258 3169; baseline -0.003 -27"><span class='ocrx_word' id='word_1_242' title='bbox 90 3103 118 3142; x_wconf 83' lang='lat' dir='ltr'><strong>as</strong></span> <span class='ocrx_word' id='word_1_243' title='bbox 134 3103 151 3140; x_wconf 82' lang='lat' dir='ltr'><strong>u</strong></span> <span class='ocrx_word' id='word_1_244' title='bbox 172 3079 263 3142; x_wconf 91' lang='lat' dir='ltr'><strong>Deus</strong></span> <span class='ocrx_word' id='word_1_245' title='bbox 279 3091 331 3144; x_wconf 90' lang='lat' dir='ltr'><strong>est</strong></span> <span class='ocrx_word' id='word_1_246' title='bbox 347 3079 403 3168; x_wconf 92' lang='lat' dir='ltr'><strong>qui</strong></span> <span class='ocrx_word' id='word_1_247' title='bbox 422 3079 536 3160; x_wconf 86' lang='lat' dir='ltr'><strong>mittit,</strong></span> <span class='ocrx_word' id='word_1_248' title='bbox 553 3103 620 3145; x_wconf 90' lang='lat' dir='ltr'><strong>non</strong></span> <span class='ocrx_word' id='word_1_249' title='bbox 641 3092 691 3145; x_wconf 90' lang='lat' dir='ltr'><strong>est</strong></span> <span class='ocrx_word' id='word_1_250' title='bbox 709 3083 799 3146; x_wconf 88' lang='lat' dir='ltr'><strong>Deus</strong></span> <span class='ocrx_word' id='word_1_251' title='bbox 816 3078 873 3169; x_wconf 93' lang='lat' dir='ltr'><strong>qui</strong></span> <span class='ocrx_word' id='word_1_252' title='bbox 893 3075 1046 3143; x_wconf 89' lang='lat' dir='ltr'><strong>mittitur.</strong></span> <span class='ocrx_word' id='word_1_253' title='bbox 1067 3099 1083 3138; x_wconf 81' lang='lat' dir='ltr'><strong>a</strong></span> <span class='ocrx_word' id='word_1_254' title='bbox 1105 3074 1157 3140; x_wconf 87' lang='lat' dir='ltr'><strong>Ad</strong></span> <span class='ocrx_word' id='word_1_255' title='bbox 1175 3075 1258 3138; x_wconf 86' lang='lat' dir='ltr'><strong>haee</strong></span> 
     </span>
     <span class='ocr_line' id='line_1_28' title="bbox 133 3177 1257 3270; baseline -0.005 -25"><span class='ocrx_word' id='word_1_256' title='bbox 133 3204 194 3270; x_wconf 83' lang='lat' dir='ltr'><strong>ego</strong></span> <span class='ocrx_word' id='word_1_257' title='bbox 209 3179 398 3270; x_wconf 86' lang='lat' dir='ltr'><strong>interrogo,</strong></span> <span class='ocrx_word' id='word_1_258' title='bbox 417 3182 445 3245; x_wconf 90' lang='lat' dir='ltr'><strong>si</strong></span> <span class='ocrx_word' id='word_1_259' title='bbox 463 3181 645 3247; x_wconf 82' lang='lat' dir='ltr'><strong>crediderit</strong></span> <span class='ocrx_word' id='word_1_260' title='bbox 663 3182 850 3248; x_wconf 83' lang='lat' dir='ltr'><strong>doctrinam</strong></span> <span class='ocrx_word' id='word_1_261' title='bbox 875 3179 966 3246; x_wconf 88' lang='lat' dir='ltr'><strong>Petri</strong></span> <span class='ocrx_word' id='word_1_262' title='bbox 991 3177 1152 3266; x_wconf 88' lang='lat' dir='ltr'><strong>Paulique</strong></span> <span class='ocrx_word' id='word_1_263' title='bbox 1177 3199 1257 3263; x_wconf 88' lang='lat' dir='ltr'><strong>apo-</strong></span> 
     </span>
     <span class='ocr_line' id='line_1_29' title="bbox 133 3277 1255 3372; baseline -0.004 -27"><span class='ocrx_word' id='word_1_264' title='bbox 133 3281 305 3347; x_wconf 87' lang='lat' dir='ltr'><strong>stolorum.</strong></span> <span class='ocrx_word' id='word_1_265' title='bbox 334 3283 608 3372; x_wconf 87' lang='lat' dir='ltr'><strong>Respondentem</strong></span> <span class='ocrx_word' id='word_1_266' title='bbox 637 3297 746 3350; x_wconf 88' lang='lat' dir='ltr'><strong>autem</strong></span> <span class='ocrx_word' id='word_1_267' title='bbox 774 3309 813 3350; x_wconf 89' lang='lat' dir='ltr'><strong>eo</strong></span> <span class='ocrx_word' id='word_1_268' title='bbox 843 3309 850 3349; x_wconf 74' lang='grc' dir='ltr'>ε</span> <span class='ocrx_word' id='word_1_269' title='bbox 876 3310 894 3346; x_wconf 84' lang='lat' dir='ltr'><strong>u</strong></span> <span class='ocrx_word' id='word_1_270' title='bbox 920 3282 1049 3362; x_wconf 85' lang='lat' dir='ltr'><strong>Credo,</strong></span> <span class='ocrx_word' id='word_1_271' title='bbox 1069 3306 1086 3342; x_wconf 82' lang='lat' dir='ltr'><strong>a</strong></span> <span class='ocrx_word' id='word_1_272' title='bbox 1114 3277 1221 3345; x_wconf 88' lang='lat' dir='ltr'><strong>adieoi</strong></span> <span class='ocrx_word' id='word_1_273' title='bbox 1248 3303 1255 3340; x_wconf 72' lang='grc' dir='ltr'>ε</span> 
     </span>
     <span class='ocr_line' id='line_1_30' title="bbox 134 3379 1258 3482; baseline -0.002 -37"><span class='ocrx_word' id='word_1_274' title='bbox 134 3408 151 3446; x_wconf 89' lang='grc'>«</span> <span class='ocrx_word' id='word_1_275' title='bbox 185 3385 267 3482; x_wconf 74' lang='lat' dir='ltr'><strong>Cum</strong></span> <span class='ocrx_word' id='word_1_276' title='bbox 304 3396 459 3476; x_wconf 82' lang='lat' dir='ltr'><strong>argueret</strong></span> <span class='ocrx_word' id='word_1_277' title='bbox 489 3388 607 3452; x_wconf 89' lang='lat' dir='ltr'><strong>Petrus</strong></span> <span class='ocrx_word' id='word_1_278' title='bbox 637 3387 809 3476; x_wconf 87' lang='lat' dir='ltr'><strong>apostolus</strong></span> <span class='ocrx_word' id='word_1_279' title='bbox 836 3383 1023 3451; x_wconf 87' lang='lat' dir='ltr'><strong>Annaniam</strong></span> <span class='ocrx_word' id='word_1_280' title='bbox 1055 3405 1116 3471; x_wconf 87' lang='lat' dir='ltr'><strong>pro</strong></span> <span class='ocrx_word' id='word_1_281' title='bbox 1143 3379 1258 3445; x_wconf 87' lang='lat' dir='ltr'><strong>fraude</strong></span> 
     </span>
     <span class='ocr_line' id='line_1_31' title="bbox 133 3483 1260 3576; baseline -0.002 -27"><span class='ocrx_word' id='word_1_282' title='bbox 133 3483 240 3567; x_wconf 83' lang='lat' dir='ltr'><strong>tundi,</strong></span> <span class='ocrx_word' id='word_1_283' title='bbox 259 3487 355 3567; x_wconf 84' lang='lat' dir='ltr'><strong>vide,</strong></span> <span class='ocrx_word' id='word_1_284' title='bbox 375 3487 456 3576; x_wconf 90' lang='lat' dir='ltr'><strong>quid</strong></span> <span class='ocrx_word' id='word_1_285' title='bbox 475 3487 565 3553; x_wconf 89' lang='lat' dir='ltr'><strong>dieat</strong></span> <span class='ocrx_word' id='word_1_286' title='bbox 586 3513 592 3552; x_wconf 94' lang='lat'>:</span> <span class='ocrx_word' id='word_1_287' title='bbox 617 3489 706 3576; x_wconf 83' lang='lat' dir='ltr'><strong>Quid</strong></span> <span class='ocrx_word' id='word_1_288' title='bbox 716 3489 776 3554; x_wconf 85' lang='lat' dir='ltr'><strong>tibi</strong></span> <span class='ocrx_word' id='word_1_289' title='bbox 791 3494 894 3556; x_wconf 80' lang='lat' dir='ltr'><strong>uisum</strong></span> <span class='ocrx_word' id='word_1_290' title='bbox 911 3500 959 3551; x_wconf 86' lang='lat' dir='ltr'><strong>est</strong></span> <span class='ocrx_word' id='word_1_291' title='bbox 976 3488 1109 3551; x_wconf 76' lang='lat' dir='ltr'><strong>mentiri</strong></span> <span class='ocrx_word' id='word_1_292' title='bbox 1120 3487 1260 3573; x_wconf 86' lang='lat' dir='ltr'><strong>Spiritui</strong></span> 
     </span>
     <span class='ocr_line' id='line_1_32' title="bbox 91 3587 1257 3669; baseline 0 -18"><span class='ocrx_word' id='word_1_293' title='bbox 91 3613 117 3652; x_wconf 84' lang='lat' dir='ltr'><strong>so</strong></span> <span class='ocrx_word' id='word_1_294' title='bbox 133 3594 274 3654; x_wconf 72' lang='lat' dir='ltr'><strong>saneto?</strong></span> <span class='ocrx_word' id='word_1_295' title='bbox 288 3591 362 3658; x_wconf 89' lang='lat' dir='ltr'><strong>Nou</strong></span> <span class='ocrx_word' id='word_1_296' title='bbox 381 3613 414 3655; x_wconf 88' lang='lat' dir='ltr'><strong>es</strong></span> <span class='ocrx_word' id='word_1_297' title='bbox 432 3595 516 3654; x_wconf 84' lang='lat' dir='ltr'><strong>euiru</strong></span> <span class='ocrx_word' id='word_1_298' title='bbox 535 3596 687 3656; x_wconf 84' lang='lat' dir='ltr'><strong>mentitus</strong></span> <span class='ocrx_word' id='word_1_299' title='bbox 704 3592 901 3669; x_wconf 80' lang='lat' dir='ltr'><strong>homiuibus,</strong></span> <span class='ocrx_word' id='word_1_300' title='bbox 919 3590 979 3653; x_wconf 85' lang='lat' dir='ltr'><strong>sed</strong></span> <span class='ocrx_word' id='word_1_301' title='bbox 996 3587 1090 3652; x_wconf 79' lang='lat' dir='ltr'><strong>Deo⁸.</strong></span> <span class='ocrx_word' id='word_1_302' title='bbox 1112 3589 1154 3653; x_wconf 84' lang='lat' dir='ltr'><strong>Et</strong></span> <span class='ocrx_word' id='word_1_303' title='bbox 1173 3590 1257 3654; x_wconf 85' lang='lat' dir='ltr'><strong>Pau-</strong></span> 
     </span>
     <span class='ocr_line' id='line_1_33' title="bbox 132 3690 1258 3786; baseline -0.003 -31"><span class='ocrx_word' id='word_1_304' title='bbox 132 3692 200 3770; x_wconf 91' lang='lat' dir='ltr'><strong>lus,</strong></span> <span class='ocrx_word' id='word_1_305' title='bbox 224 3716 299 3757; x_wconf 90' lang='lat' dir='ltr'><strong>oum</strong></span> <span class='ocrx_word' id='word_1_306' title='bbox 322 3692 504 3784; x_wconf 87' lang='lat' dir='ltr'><strong>gratiarum</strong></span> <span class='ocrx_word' id='word_1_307' title='bbox 527 3693 726 3786; x_wconf 68' lang='lat' dir='ltr'><strong>spiritalium</strong></span> <span class='ocrx_word' id='word_1_308' title='bbox 747 3692 973 3782; x_wconf 84' lang='lat' dir='ltr'><strong>distingueret</strong></span> <span class='ocrx_word' id='word_1_309' title='bbox 990 3690 1113 3781; x_wconf 87' lang='lat' dir='ltr'><strong>grados</strong></span> <span class='ocrx_word' id='word_1_310' title='bbox 1137 3716 1143 3753; x_wconf 94' lang='lat'><strong>:</strong></span> <span class='ocrx_word' id='word_1_311' title='bbox 1168 3691 1258 3753; x_wconf 84' lang='lat' dir='ltr'><strong>Huee</strong></span> 
     </span>
     <span class='ocr_line' id='line_1_34' title="bbox 132 3791 1258 3886; baseline 0 -30"><span class='ocrx_word' id='word_1_312' title='bbox 132 3797 256 3874; x_wconf 84' lang='lat' dir='ltr'><strong>omniu,</strong></span> <span class='ocrx_word' id='word_1_313' title='bbox 276 3793 407 3884; x_wconf 82' lang='lat' dir='ltr'><strong>inquid,</strong></span> <span class='ocrx_word' id='word_1_314' title='bbox 425 3809 583 3884; x_wconf 86' lang='lat' dir='ltr'><strong>operetur</strong></span> <span class='ocrx_word' id='word_1_315' title='bbox 604 3820 688 3860; x_wconf 85' lang='lat' dir='ltr'><strong>uuus</strong></span> <span class='ocrx_word' id='word_1_316' title='bbox 707 3807 806 3886; x_wconf 87' lang='lat' dir='ltr'><strong>utque</strong></span> <span class='ocrx_word' id='word_1_317' title='bbox 828 3795 911 3860; x_wconf 82' lang='lat' dir='ltr'><strong>idem</strong></span> <span class='ocrx_word' id='word_1_318' title='bbox 932 3795 1092 3882; x_wconf 86' lang='lat' dir='ltr'><strong>Spiritus,</strong></span> <span class='ocrx_word' id='word_1_319' title='bbox 1112 3791 1258 3858; x_wconf 80' lang='lat' dir='ltr'><strong>dividens</strong></span> 
     </span>
     <span class='ocr_line' id='line_1_35' title="bbox 133 3891 1257 3986; baseline -0.002 -28"><span class='ocrx_word' id='word_1_320' title='bbox 133 3899 308 3986; x_wconf 84' lang='lat' dir='ltr'><strong>uuicuique</strong></span> <span class='ocrx_word' id='word_1_321' title='bbox 325 3912 427 3986; x_wconf 88' lang='lat' dir='ltr'><strong>prout</strong></span> <span class='ocrx_word' id='word_1_322' title='bbox 446 3897 542 3963; x_wconf 68' lang='lat' dir='ltr'><strong>aaut.</strong></span> <span class='ocrx_word' id='word_1_323' title='bbox 566 3895 631 3980; x_wconf 87' lang='lat' dir='ltr'><strong>Qui</strong></span> <span class='ocrx_word' id='word_1_324' title='bbox 645 3897 734 3962; x_wconf 91' lang='lat' dir='ltr'><strong>enim</strong></span> <span class='ocrx_word' id='word_1_325' title='bbox 749 3897 839 3986; x_wconf 89' lang='lat' dir='ltr'><strong>quod</strong></span> <span class='ocrx_word' id='word_1_326' title='bbox 860 3895 1003 3962; x_wconf 91' lang='lat' dir='ltr'><strong>voluerit</strong></span> <span class='ocrx_word' id='word_1_327' title='bbox 1020 3892 1110 3973; x_wconf 82' lang='lat' dir='ltr'><strong>iacit,</strong></span> <span class='ocrx_word' id='word_1_328' title='bbox 1133 3891 1168 3958; x_wconf 89' lang='lat' dir='ltr'><strong>iu</strong></span> <span class='ocrx_word' id='word_1_329' title='bbox 1187 3893 1257 3957; x_wconf 92' lang='lat' dir='ltr'><strong>nul-</strong></span> 
     </span>
     <span class='ocr_line' id='line_1_36' title="bbox 132 3993 1258 4088; baseline -0.003 -28"><span class='ocrx_word' id='word_1_330' title='bbox 132 3995 197 4061; x_wconf 93' lang='lat' dir='ltr'><strong>lius</strong></span> <span class='ocrx_word' id='word_1_331' title='bbox 218 3997 390 4088; x_wconf 86' lang='lat' dir='ltr'><strong>redigetur</strong></span> <span class='ocrx_word' id='word_1_332' title='bbox 410 4011 587 4086; x_wconf 88' lang='lat' dir='ltr'><strong>potestate.</strong></span> <span class='ocrx_word' id='word_1_333' title='bbox 611 4001 695 4068; x_wconf 90' lang='lat' dir='ltr'><strong>Nam</strong></span> <span class='ocrx_word' id='word_1_334' title='bbox 722 4024 799 4079; x_wconf 89' lang='lat' dir='ltr'><strong>vos,</strong></span> <span class='ocrx_word' id='word_1_335' title='bbox 828 4009 865 4063; x_wconf 88' lang='lat' dir='ltr'><strong>ut</strong></span> <span class='ocrx_word' id='word_1_336' title='bbox 887 3995 1040 4086; x_wconf 88' lang='lat' dir='ltr'><strong>superius</strong></span> <span class='ocrx_word' id='word_1_337' title='bbox 1065 3995 1146 4073; x_wconf 90' lang='lat' dir='ltr'><strong>dixi,</strong></span> <span class='ocrx_word' id='word_1_338' title='bbox 1173 3993 1258 4058; x_wconf 87' lang='lat' dir='ltr'><strong>nihil</strong></span> 
     </span>
     <span class='ocr_line' id='line_1_37' title="bbox 90 4095 1392 4191; baseline -0.002 -28"><span class='ocrx_word' id='word_1_339' title='bbox 90 4125 117 4164; x_wconf 81' lang='lat' dir='ltr'><strong>ss</strong></span> <span class='ocrx_word' id='word_1_340' title='bbox 132 4111 224 4164; x_wconf 87' lang='lat' dir='ltr'><strong>recte</strong></span> <span class='ocrx_word' id='word_1_341' title='bbox 237 4097 278 4164; x_wconf 88' lang='lat' dir='ltr'><strong>de</strong></span> <span class='ocrx_word' id='word_1_342' title='bbox 298 4099 459 4166; x_wconf 89' lang='lat' dir='ltr'><strong>Trinitate</strong></span> <span class='ocrx_word' id='word_1_343' title='bbox 480 4113 594 4166; x_wconf 86' lang='lat' dir='ltr'><strong>sancta</strong></span> <span class='ocrx_word' id='word_1_344' title='bbox 611 4100 755 4180; x_wconf 89' lang='lat' dir='ltr'><strong>sentitis,</strong></span> <span class='ocrx_word' id='word_1_345' title='bbox 772 4113 805 4165; x_wconf 90' lang='lat' dir='ltr'><strong>et</strong></span> <span class='ocrx_word' id='word_1_346' title='bbox 824 4123 922 4191; x_wconf 90' lang='lat' dir='ltr'><strong>quam</strong></span> <span class='ocrx_word' id='word_1_347' title='bbox 941 4097 1078 4189; x_wconf 72' lang='lat' dir='ltr'><strong>iniqual&#39;</strong></span> <span class='ocrx_word' id='word_1_348' title='bbox 1097 4095 1140 4161; x_wconf 90' lang='lat' dir='ltr'><strong>sit</strong></span> <span class='ocrx_word' id='word_1_349' title='bbox 1159 4096 1258 4160; x_wconf 89' lang='lat' dir='ltr'><strong>huius</strong></span> <span class='ocrx_word' id='word_1_350' title='bbox 1269 4117 1324 4168; x_wconf 82' lang='lat' dir='ltr'><strong>cot.</strong></span> <span class='ocrx_word' id='word_1_351' title='bbox 1338 4121 1392 4168; x_wconf 78' lang='lat'><strong>256.</strong></span> 
     </span>
    </p>
   </div>
   <div class='ocr_carea' id='block_1_5' title="bbox 131 4264 1257 4447">
    <p class='ocr_par' dir='ltr' id='par_1_11' title="bbox 131 4264 1257 4447">
     <span class='ocr_line' id='line_1_38' title="bbox 164 4264 1257 4324; baseline -0.001 -10"><span class='ocrx_word' id='word_1_352' title='bbox 164 4267 187 4314; x_wconf 95' lang='grc'><strong>1.</strong></span> <span class='ocrx_word' id='word_1_353' title='bbox 205 4265 277 4315; x_wconf 82' lang='lat' dir='ltr'><strong>loen.</strong></span> <span class='ocrx_word' id='word_1_354' title='bbox 299 4266 326 4324; x_wconf 88' lang='lat'><strong>1,</strong></span> <span class='ocrx_word' id='word_1_355' title='bbox 345 4264 367 4315; x_wconf 92' lang='grc'><strong>1.</strong></span> <span class='ocrx_word' id='word_1_356' title='bbox 387 4293 418 4302; x_wconf 91' lang='grc'><strong>-</strong></span> <span class='ocrx_word' id='word_1_357' title='bbox 437 4267 458 4314; x_wconf 80' lang='grc'><strong>2.</strong></span> <span class='ocrx_word' id='word_1_358' title='bbox 478 4267 548 4316; x_wconf 86' lang='lat' dir='ltr'><strong>loun.</strong></span> <span class='ocrx_word' id='word_1_359' title='bbox 563 4267 590 4324; x_wconf 88' lang='lat'><strong>1,</strong></span> <span class='ocrx_word' id='word_1_360' title='bbox 609 4267 646 4316; x_wconf 81' lang='grc'><strong>11.</strong></span> <span class='ocrx_word' id='word_1_361' title='bbox 664 4295 695 4302; x_wconf 99' lang='grc'>-</span> <span class='ocrx_word' id='word_1_362' title='bbox 717 4269 739 4316; x_wconf 87' lang='grc'><strong>3.</strong></span> <span class='ocrx_word' id='word_1_363' title='bbox 765 4270 836 4316; x_wconf 87' lang='lat' dir='ltr'><strong>Corr.</strong></span> <span class='ocrx_word' id='word_1_364' title='bbox 860 4267 971 4316; x_wconf 87' lang='lat' dir='ltr'><strong>sentitis.</strong></span> <span class='ocrx_word' id='word_1_365' title='bbox 992 4292 1024 4302; x_wconf 92' lang='lat'><em>-</em></span> <span class='ocrx_word' id='word_1_366' title='bbox 1048 4266 1073 4314; x_wconf 81' lang='grc'><strong>1.</strong></span> <span class='ocrx_word' id='word_1_367' title='bbox 1090 4264 1257 4321; x_wconf 82' lang='lat' dir='ltr'><strong>loen.16,7.</strong></span> 
     </span>
     <span class='ocr_line' id='line_1_39' title="bbox 131 4329 1256 4447; baseline -0.001 -72"><span class='ocrx_word' id='word_1_368' title='bbox 131 4354 164 4427; x_wconf 60' lang='grc' dir='ltr'>ἶ</span> <span class='ocrx_word' id='word_1_369' title='bbox 175 4333 203 4438; x_wconf 63' lang='grc' dir='ltr'><strong>ξ.</strong></span> <span class='ocrx_word' id='word_1_370' title='bbox 217 4330 418 4447; x_wconf 47' lang='lat' dir='ltr'><strong>foppriqge&#39;cqq.</strong></span> <span class='ocrx_word' id='word_1_371' title='bbox 433 4355 461 4366; x_wconf 90' lang='lat'><strong>·-</strong></span> <span class='ocrx_word' id='word_1_372' title='bbox 479 4331 502 4376; x_wconf 88' lang='grc'><strong>6.</strong></span> <span class='ocrx_word' id='word_1_373' title='bbox 522 4330 584 4394; x_wconf 85' lang='lat' dir='ltr'><strong>Sep.</strong></span> <span class='ocrx_word' id='word_1_374' title='bbox 604 4329 630 4386; x_wconf 90' lang='lat' dir='ltr'><strong>l,</strong></span> <span class='ocrx_word' id='word_1_375' title='bbox 649 4333 670 4377; x_wconf 86' lang='lat'><strong>5.</strong></span> <span class='ocrx_word' id='word_1_376' title='bbox 690 4357 721 4364; x_wconf 99' lang='lat'>-</span> <span class='ocrx_word' id='word_1_377' title='bbox 738 4331 760 4376; x_wconf 92' lang='grc'><strong>7.</strong></span> <span class='ocrx_word' id='word_1_378' title='bbox 780 4329 871 4376; x_wconf 79' lang='lat' dir='ltr'><strong>Matth.</strong></span> <span class='ocrx_word' id='word_1_379' title='bbox 884 4329 927 4387; x_wconf 80' lang='lat'><strong>12,</strong></span> <span class='ocrx_word' id='word_1_380' title='bbox 943 4329 981 4376; x_wconf 75' lang='grc'><strong>31.</strong></span> <span class='ocrx_word' id='word_1_381' title='bbox 1000 4355 1030 4364; x_wconf 90' lang='lat'>-</span> <span class='ocrx_word' id='word_1_382' title='bbox 1047 4330 1069 4388; x_wconf 75' lang='grc'><strong>8.</strong></span> <span class='ocrx_word' id='word_1_383' title='bbox 1089 4329 1144 4376; x_wconf 76' lang='lat' dir='ltr'><strong>Aet.</strong></span> <span class='ocrx_word' id='word_1_384' title='bbox 1162 4331 1185 4383; x_wconf 84' lang='lat'><strong>⁵,</strong></span> <span class='ocrx_word' id='word_1_385' title='bbox 1203 4329 1256 4374; x_wconf 75' lang='grc'><strong>3-1.</strong></span> 
     </span>
    </p>
   </div>
   <div class='ocr_carea' id='block_1_6' title="bbox 0 0 1637 5144">
    <p class='ocr_par' dir='ltr' id='par_1_12' title="bbox 0 0 1637 5144">
     <span class='ocr_line' id='line_1_40' title="bbox 0 0 1637 5144; baseline 0 0"><span class='ocrx_word' id='word_1_386' title='bbox 0 0 1637 5144; x_wconf 95' lang='lat' dir='ltr'><strong> </strong></span> 
     </span>
    </p>
   </div>
  </div>
 </body>
</html>
