3256 5144
359 456 405 504 tot
643 453 800 504 aaaaoatt
818 451 1027 505 TURONENSIS
1044 451 1196 502 EPISCOPI

358 571 384 618 in
397 571 513 618 oratione
526 570 658 626 assiduus,
673 586 752 643 quam
764 570 787 618 si
800 585 943 680 parumper
955 569 1189 632 praetermisisset.
1203 574 1248 641 sut
1264 568 1369 678 legcbat
1381 566 1481 632 aliquid

358 639 404 682 aut
414 633 552 682 scribebat.
563 633 738 696 frigoriticis,
768 633 862 680 ustolis
871 633 896 680 la
916 632 1053 680 orantibus
1065 632 1105 679 vel
1119 632 1226 695 reliquis
1236 647 1292 680 mor
1312 647 1333 678 rs
1347 646 1424 694 saepe
1433 645 1482 694 pei·

358 696 502 744 orationem
515 695 630 742 remedia
642 649 800 743 conterebat.
815 694 865 742 Sed
882 694 974 742 etalio
992 694 1068 757 signa
1085 695 1167 742 multa
1186 693 1259 749 lecit,
1273 709 1338 757 quae
1371 708 1398 764 er
1408 691 1481 740 ordi·

357 773 417 805 nem
428 758 537 820 longum
547 764 587 804 est
596 773 727 806 enarrare.
742 757 862 805 Cilicium
873 772 977 828 semper
989 773 1055 829 puro
1068 755 1195 829 adhibens
1206 755 1333 829 corporis:
1347 709 1396 811 gur
1407 761 1480 802 octo-

357 822 465 930 genaria
477 819 716 931 aetlogelrlabscedens
730 836 745 866 a
758 820 870 876 saeculo,
885 824 1010 880 migravit
1026 819 1059 866 ad
1073 817 1214 868 Christum.
1232 819 1392 883 Scripsrmus
1412 817 1480 866 etde
1495 827 1510 864 5

377 882 500 931 uiusvita
523 882 531 930 i
551 898 565 930 e
589 897 640 930 um.

401 1052 443 1118 Vl
463 1050 539 1138 (ll).
564 1053 606 1118 Et
623 1050 701 1139 quia
716 1075 849 1140 semper
863 1054 954 1116 Deus
974 1064 1090 1118 noster
1104 1051 1295 1117 sacerdotes
1316 1076 1393 1117 suos
1410 1051 1480 1142 glo-

357 1151 485 1228 rificare
506 1153 676 1245 dignatur,
697 1154 776 1242 quid
793 1154 942 1220 Arverno
965 1153 1007 1218 de
1024 1153 1154 1220 ludaeis
1177 1156 1241 1221 hoo
1264 1179 1350 1220 anno
1372 1155 1479 1235 eonti-

356 1268 452 1346 geret
466 1257 620 1346 pandam.
641 1259 723 1321 Cum
741 1257 875 1322 eosdem
897 1258 1094 1347 plerumque
1113 1259 1229 1323 beatus
1256 1257 1372 1344 Apitus
1407 1257 1480 1346 epi-

358 1382 479 1447 scopus
500 1371 739 1438 commoneret,
773 1373 810 1423 ut
835 1359 953 1425 relicto
988 1360 1150 1426 velamine
1172 1361 1257 1449 legis
1286 1363 1478 1448 Moysaoae,

357 1458 552 1547 spiritaliter
574 1461 659 1525 lecta
681 1461 920 1551 intellegerent
944 1473 977 1526 et
996 1461 1183 1542 Christum,
1209 1463 1313 1527 filium
1339 1461 1480 1529 viventis
1499 1483 1527 1524 to
1622 1459 1623 1540 l

357 1559 431 1638 Dei,
459 1562 677 1650 propheticae
707 1575 741 1627 et
774 1563 878 1653 regali
904 1563 1102 1630 auctoritate
1126 1563 1346 1654 promissum,
1377 1563 1479 1630 corde
1622 1549 1623 1620 l

357 1663 535 1751 purissimo
552 1665 585 1729 in
605 1665 707 1730 sacris
726 1665 846 1730 litteris
866 1667 1150 1757 contemplarent,
1170 1669 1325 1733 manebat
1344 1666 1379 1733 in
1398 1691 1479 1758 pec-

356 1766 485 1832 toribus
504 1792 637 1848 eorum,
659 1768 724 1832 iam
742 1793 808 1834 non
827 1769 954 1848 dicam,
973 1770 1124 1836 velamen
1142 1768 1241 1850 illud,
1264 1770 1354 1858 quod
1377 1770 1479 1836 facies

356 1869 463 1957 Moysi
484 1870 758 1962 obumbrabatur,
781 1871 839 1936 sed
860 1872 1003 1962 paries1.
1026 1872 1191 1940 Sacerdos
1210 1896 1343 1962 quoque
1361 1896 1477 1952 orans,

357 1985 408 2051 ut,
428 1972 579 2036 conversi
600 1973 640 2038 ad
658 1972 855 2053 Dominum,
874 1974 1024 2040 velamen
1044 1975 1149 2040 abeis
1169 1974 1300 2040 litterae
1323 1999 1523 2062 erumpe-15

357 2086 460 2151 retur,
483 2074 617 2164 quidam
635 2100 675 2139 ex
696 2075 747 2140 his
763 2076 804 2141 ad
819 2090 933 2141 sancta
949 2078 1071 2165 pascha
1089 2091 1125 2141 ut
1141 2079 1366 2166 baptizaretur
1380 2101 1478 2168 expe-

356 2174 421 2263 tiit,
438 2191 640 2268 renatusque
659 2203 677 2242 a
694 2180 766 2243 Deo
782 2203 842 2266 per
862 2179 1017 2268 baptismi
1037 2178 1252 2254 sacramenti,
1268 2203 1342 2244 cum
1359 2178 1478 2244 albatis

357 2277 494 2368 reliquis
520 2278 554 2344 in
577 2279 661 2344 albis
687 2295 720 2345 et
745 2279 818 2370 ipse
843 2281 1007 2368 procedit.
1038 2281 1311 2373 Ingredientibus
1344 2280 1479 2372 populis

356 2394 485 2470 portam
501 2382 656 2470 civitatis,
677 2409 761 2448 unus
780 2384 977 2449 ludaeorum
992 2409 1052 2473 per
1071 2385 1178 2475 capud
1200 2384 1351 2450 conversi
1363 2383 1478 2450 ludaei

356 2484 465 2549 oleum
490 2484 667 2566 foeditum,
702 2487 836 2552 diabulo
862 2485 1063 2578 instigante,
1095 2487 1239 2553 diffudit.
1275 2487 1373 2572 Quod
1402 2511 1522 2552 cumao

237 2603 290 2653 Fot.
305 2589 496 2652 canonieus
517 2590 660 2678 populus
680 2590 865 2656 voluissent
882 2615 956 2654 eum
977 2615 1120 2682 urguere
1138 2589 1321 2679 lapidibus,
1339 2589 1352 2682 Η
1370 2590 1478 2679 ponti-

356 2689 463 2753 lexat
483 2689 578 2756 lieret
600 2715 667 2758 non
692 2691 855 2781 permisit.
880 2691 941 2757 Die
964 2706 1073 2758 autem
1095 2693 1208 2770 beato,
1229 2717 1295 2782 quo
1314 2693 1478 2759 Dominus

356 2792 397 2855 ad
429 2792 555 2859 caelum
583 2808 659 2882 post
682 2794 891 2884 redemptum
918 2795 1088 2860 hominem
1113 2794 1281 2886 gloriosus
1306 2796 1475 2878 ascendit,

357 2919 430 2958 cum
460 2896 616 2961 sacerdos
636 2897 678 2960 de
712 2896 868 2962 eclesiam
902 2898 943 2962 ad
964 2897 1135 2962 basilicam
1157 2897 1332 2988 psallendo
1357 2923 1478 2988 proce·

356 2995 462 3077 deret,
486 2996 589 3062 inruit
610 3023 710 3086 super
728 2998 907 3090 sinagogae
926 3000 1123 3065 ludaeorum
1140 3000 1319 3065 multitudo
1337 3025 1477 3090 sequen·
1492 3027 1521 3066 ea

221 3109 275 3156 Col.
290 3110 342 3156 ata.
356 3100 453 3178 tium,
475 3099 738 3190 distructamque
762 3125 780 3166 a
802 3102 1026 3168 fundamentis
1052 3102 1160 3192 campi
1177 3103 1190 3193 Η
1207 3103 1365 3192 planitiae
1391 3104 1477 3169 adsi-

356 3201 498 3268 milatur.
522 3202 595 3268 alia
611 3216 719 3268 autem
739 3203 793 3268 die
815 3205 971 3270 sacerdos
992 3203 1040 3269 eis
1055 3205 1183 3296 legatos
1201 3204 1314 3285 mittit,
1330 3207 1447 3271 dicens
1467 3235 1474 3274 :

356 3329 372 3365 a
391 3302 431 3373 Vi
450 3330 512 3393 ego
529 3331 584 3370 vos
604 3305 756 3371 confiteri
777 3307 838 3372 Dei
858 3307 978 3372 Filium
995 3333 1062 3372 non
1081 3308 1267 3398 conpetlo‘t,
1285 3309 1343 3374 sed
1360 3322 1473 3375 tamen

355 3405 512 3497 praedico
531 3421 563 3472 et
581 3409 682 3472 salem
706 3408 864 3474 scientiae
882 3409 1002 3475 vestris
1019 3409 1213 3499 pectoribus
1231 3411 1338 3475 trado.
1357 3412 1478 3476 Pastor

355 3534 427 3575 sum
446 3511 533 3574 enim
554 3510 732 3578 dominicis
746 3511 907 3590 ovibus3;
928 3514 1018 3579 etde
1038 3512 1132 3578 vobis
1151 3513 1206 3578 ille
1223 3539 1321 3579 verus
1343 3516 1474 3594 Pastor,
1491 3541 1520 3578 ao

354 3612 410 3702 qui
428 3636 489 3701 pro
509 3614 606 3678 uobis
622 3638 739 3702 passus
762 3627 830 3694 est,
852 3615 952 3695 dixit,
977 3617 1101 3682 habere
1125 3641 1159 3680 se
1185 3615 1266 3681 alias
1291 3641 1368 3682 oves
1391 3642 1476 3705 quae

354 3738 420 3778 non
437 3728 515 3778 sunt
535 3741 574 3780 cx
594 3716 679 3780 ovile
700 3741 776 3798 suo,
795 3742 876 3806 quas
895 3743 968 3782 eum
985 3730 1137 3808 oporteat
1157 3717 1341 3806 adducere,
1360 3730 1397 3782 ut
1419 3718 1477 3784 fiat

353 3841 438 3880 unus
458 3841 540 3907 grex
555 3829 587 3882 et
604 3842 690 3884 unus
707 3831 832 3907 pastor.
858 3819 1003 3910 Ideoque
1022 3819 1049 3884 si
1070 3819 1168 3886 vultis
1186 3819 1322 3886 credere
1343 3833 1379 3885 ut
1395 3845 1472 3910 ogo,

353 3931 459 3983 estote
474 3943 560 3984 unus
581 3945 682 4012 grex,
701 3921 830 3986 custodi
854 3947 904 3986 me
921 3924 1047 4012 posit0;
1071 3921 1122 3986 sin
1142 3947 1219 3987 vero
1240 3921 1342 4001 aliud,
1365 3924 1474 3990 absci-

353 4019 452 4087 ditea
469 4021 555 4088 loco.
580 4049 597 4086 n
620 4023 671 4088 llli
688 4036 797 4090 autem
817 4037 1006 4090 aestuantes
1025 4037 1122 4115 atque
1144 4024 1356 4106 dubitantes,
1376 4026 1516 4094 tertiam

353 4122 424 4203 die,
443 4137 480 4190 ut
498 4125 618 4206 credo,
647 4128 822 4193 obtentum
842 4127 1012 4218 pontificis
1040 4126 1210 4193 coniuncti
1236 4127 1270 4193 in
1292 4152 1413 4207 unum,
1433 4130 1474 4194 ad

384 4339 406 4388 l.
425 4339 462 4388 Cf.
476 4339 553 4390 llxod.
568 4343 611 4399 33,
627 4342 664 4398 19,
679 4343 717 4401 20,
730 4345 767 4392 22,
778 4371 809 4380 -
826 4345 848 4393 2.
868 4347 938 4392 eorr.
953 4344 1059 4410 lupello.
1071 4369 1102 4382 —‹
1119 4343 1183 4394 act
1197 4344 1267 4392 loon.
1283 4343 1374 4402 10,1o.
