3256 5144
406 423 570 478 lllS'l'Olllrli
593 431 792 478 transeuntur
811 431 906 479 tlssutt
927 434 953 478 1.
1198 439 1240 483 iss

119 555 145 596 ut
158 556 228 596 sator
239 547 369 602 scandali,
381 547 508 594 infitiator
520 547 640 610 reginae,
655 552 791 593 accusator
803 546 934 656 episcopi,
953 549 986 596 alt
1003 549 1124 596 omnibus
1137 567 1241 600 arcere·

119 610 286 659 tur-ecclesiis
315 626 344 657 eo
363 609 433 672 quod
447 625 473 656 se
490 609 523 656 ab
543 608 676 656 audientia
697 607 878 656 subtraxisset.
917 609 967 656 nde
980 617 1005 658 et
1025 611 1165 674 epistolam
1182 615 1241 662 sub·

119 673 243 735 scriptam
254 671 313 720 aliis
328 671 460 734 episcopis
473 671 517 734 qui
529 687 580 718 nun
594 670 732 718 adfuerant
744 671 955 719 transmiserunt.
968 673 1000 720 Et
1011 672 1048 720 sic
1061 675 1240 739 unusquisque¹

119 736 144 782 in
163 736 219 782 loco
237 750 284 782 suo
301 749 438 796 regressus
455 739 503 780 est.
522 732 659 780 Leudastis
679 748 740 780 vero
759 732 822 779 hacc
842 733 963 791 audiens,
990 734 1129 784 basilicam
1158 738 1239 786 sancti

88 803 103 836 ἴ)
118 797 185 846 Petri
204 795 322 844 Parisius
340 794 455 858 expetiit.
474 794 524 842 Sed
541 811 601 842 cum
617 794 735 841 audisset
747 794 861 842 edietum
874 796 959 858 regis,
978 801 1007 843 ut
1025 796 1051 844 in
1072 814 1119 845 sua
1131 815 1213 862 regno
1225 817 1240 847 a

118 861 189 908 nullo
205 859 383 920 colligeretur,
403 864 428 904 ct
445 857 601 919 praesertim
623 857 693 920 quod
712 855 783 903 lilius
802 857 872 911 eius,
892 874 969 920 quem
988 857 1058 906 domi
1083 861 1238 923 reliquerat,

117 921 223 976 obisset,
242 921 362 968 Turonus
375 919 474 966 occulte
486 922 496 978 ll
508 919 626 975 veniens,
641 934 707 982 quae
724 918 817 966 melius
834 918 927 967 habuit
940 920 966 967 in
984 920 1099 969 Biturica
1117 928 1241 987 transpo·
1252 918 1306 966 (20¹-
1323 924 1374 966 2611-

118 984 177 1031 snit.
191 981 413 1045 prosequentibus
430 996 492 1028 vero
507 997 534 1028 re
555 980 641 1028 alibus
656 979 758 1043 pueris,
780 981 837 1042 ipse
857 996 905 1042 per
923 983 1015 1044 lugam
1031 983 1139 1032 labitur.
1159 986 1242 1048 Capta

117 1061 219 1109 quoque
231 1060 308 1091 uxore
321 1044 390 1100 eius,
405 1043 513 1106 inpage
546 1041 681 1090 crnaeensi
694 1042 770 1089 exilio
784 1042 935 1089 recluditur.
953 1047 985 1090 At
996 1044 1114 1092 Ricullus
1130 1047 1241 1095 clericus

7 1145 9 1154 .
77 1110 103 1146 la
117 1109 150 1155 ad
165 1106 373 1154 interficiendum
386 1105 416 1152 dc
437 1111 534 1152 utatur.
549 1105 599 1152 Pro
617 1105 690 1151 cuius
708 1104 762 1150 vita
774 1103 817 1150 vix
831 1104 946 1160 obtinui,
960 1111 1046 1153 tamen
1061 1107 1093 1154 de
1103 1110 1241 1158 tormentis

117 1184 240 1217 excusare
253 1183 304 1215 non
317 1167 399 1230 potui.
433 1183 477 1214 am
493 1166 567 1214 nulla
586 1183 640 1223 res,
661 1166 761 1213 nullum
784 1166 919 1214 metallum
937 1172 1010 1215 tanta
1028 1170 1138 1218 verbera
1156 1173 1242 1234 potuit

118 1232 255 1287 sustinere,
268 1230 335 1278 sicut
345 1229 387 1276 hic
399 1229 571 1276 miserrimus.
584 1229 650 1275 Nam
661 1228 694 1275 ab
705 1228 771 1274 hora
783 1228 860 1275 tertia
872 1227 932 1286 diei,
949 1230 1073 1277 revinctis
1087 1239 1240 1296 postergum

117 1294 252 1347 manibus,
266 1307 410 1354 suspensus
424 1290 456 1338 ad
467 1291 588 1338 arborem
606 1289 781 1352 dependebau
803 1289 836 1336 ad
848 1290 941 1338 horam
956 1305 1018 1338 roro
1031 1308 1127 1340 nonam
1139 1294 1241 1357 deposi-

118 1363 173 1411 tus,
188 1361 310 1402 extensus
322 1354 355 1400 ad
368 1353 494 1408 trocleas,
506 1352 664 1400 caedebatur
679 1351 806 1407 fustibus,
821 1351 904 1414 virgis
922 1369 951 1400 ac
964 1353 1029 1400 loris
1042 1353 1202 1417 duplicibus,
1216 1364 1244 1404 et·

79 1420 101 1456 15³
117 1434 169 1464 non
182 1417 215 1464 ab
227 1431 279 1462 ιιιιο
292 1415 332 1462 vel
343 1414 458 1468 duobus,
474 1414 519 1460 sed
529 1414 620 1477 quanti
631 1413 753 1460 accedere
765 1413 834 1460 circa
847 1413 982 1470 ¹miserum
996 1423 1138 1478 potuerunt
1150 1424 1239 1476 artus,

118 1479 165 1527 toti
177 1493 296 1525 caesores
310 1483 391 1524 erant.
404 1476 470 1524 Cum
479 1481 567 1522 autem
580 1476 633 1522 ium
645 1475 672 1522 in
684 1475 835 1522 discrimine
850 1480 934 1532 esset,
951 1483 1012 1524 tunc
1028 1478 1131 1540 aperuit
1143 1480 1240 1528 verita·

119 1541 171 1588 teia
183 1547 209 1588 et
219 1539 333 1588 archana
345 1537 398 1584 doli
418 1537 522 1601 publice
539 1538 669 1600 patefecit.
688 1536 795 1585 Dicebat
814 1536 883 1585 enim
900 1539 934 1585 ob
951 1539 1000 1586 hoc
1019 1540 1126 1602 reginae
1142 1541 1239 1590 crimen

118 1603 261 1657 obiectum,
274 1605 314 1656 ut,
333 1599 414 1647 eiecta
426 1599 457 1646 de
476 1615 572 1661 regna,
590 1598 733 1646 interiectis
754 1599 892 1656 iratribus,
914 1601 1112 1649 Chlodovechus
1131 1620 1240 1666 regnum

118 1665 172 1712 acci
194 1670 261 1718 eret,
275 1662 412 1710 Leudastis
430 1662 564 1719 ducatum,
584 1661 702 1708 Ricullus
722 1676 784 1707 vero
801 1661 939 1724 presbiter,
957 1663 1002 1726 qui
1015 1664 1069 1711 iam
1087 1681 1102 1712 a
1122 1671 1240 1728 tempore

76 1732 102 1766 ²⁰
118 1728 187 1774 beati
210 1723 327 1774 Eulronii
345 1723 461 1796 episcopi
483 1723 582 1770 amicus
600 1728 656 1769 erat
675 1722 862 1780 chlodovechi,
883 1724 970 1786 episco
992 1731 1064 1772 atum
1082 1727 1240 1775 Turonienm

118 1789 245 1841 ambiret,
264 1787 325 1833 huic
341 1786 443 1834 chulio
458 1785 553 1832 clerieo
569 1783 783 1832 archidiaconatu
804 1785 943 1848 promisso.
981 1803 1014 1834 os
1034 1803 1096 1836 sero
1113 1793 1173 1836 cum
1195 1789 1240 1838 Dei

118 1850 204 1916 gratia
226 1850 346 1896 Turonas
370 1845 481 1900 reversi,
503 1846 649 1894 invenimus
674 1846 811 1894 ecclesiam
830 1847 1016 1896 conturbatam
1034 1865 1082 1912 per
1107 1851 1238 1899 Ricullum

117 1912 302 1977 presbiterum.
321 1910 387 1956 Nam
411 1908 453 1956 hic
476 1908 524 1955 sub
544 1909 668 1955 Eufranio
694 1907 817 2018 episeopo
839 1909 870 1956 de
891 1910 1052 2018 pauperibus
1071 1920 1237 1975 provocatus,

117 1974 318 2024 archidiaconus
340 1971 475 2018 ordinatus
491 1977 538 2018 est.
557 1970 655 2017 Exinde
672 1971 705 2017 ad
720 1986 780 2033 pres
801 1971 907 2018 iterium
925 1989 940 2019 a
961 1979 1060 2028 arctus,
1079 1975 1187 2024 recessit
1206 1976 1237 2023 ad

76 2034 469 2101 251111111111,8111111111111,
487 2032 606 2085 inllatus,
625 2033 845 2095 praesumtiosum
866 2049 940 2089 nam,
961 2050 1002 2082 me
1021 2035 1106 2084 adhue
1123 2053 1239 2086 commo-

118 2107 192 2147 rante
200 2113 259 2146 cum
270 2113 344 2160 rege,
358 2095 408 2151 hic,
421 2094 497 2158 quasi
511 2095 563 2141 ium
576 2101 644 2142 esset
656 2093 809 2157 episcopus,
824 2095 850 2141 in
868 2095 945 2143 domo
958 2097 1082 2145 ecclesiae
1093 2098 1240 2162 ingreditur

98 2203 102 2208 .
120 2160 293 2224 impudenter,
314 2164 451 2222 argentum
471 2156 596 2204 describit
616 2156 740 2204 ecclesiae
764 2157 930 2230 reliquasque
946 2174 987 2206 res
1006 2161 1054 2207 sub
1076 2177 1124 2208 sua
1139 2161 1241 2236 redegit

119 2229 256 2286 potestate.
271 2221 382 2268 Maiores
395 2219 503 2266 clericos
515 2218 667 2266 muneribus
677 2219 752 2274 ditat,
764 2219 876 2281 largitur
889 2220 987 2276 vineas,
1002 2228 1079 2283 prata
1091 2222 1239 2279 distributa

121 2283 265 2332 minoribus
278 2298 339 2330 vero
353 2279 465 2328 lustibus
476 2279 615 2343 plagisque
626 2279 716 2328 multis
724 2280 804 2326 ctiam
812 2296 890 2327 manu
898 2282 1006 2344 propria
1018 2283 1122 2339 adiecit,
1136 2284 1239 2333 dicens:

78 2351 105 2388 :ut
121 2363 132 2392 a
144 2343 331 2408 Recognoscite
343 2343 477 2390 dominum
491 2350 620 2399 restrum,
633 2342 676 2407 qui
690 2341 826 2401 victoriam
838 2346 848 2402 11
859 2342 891 2390 de
902 2343 1016 2390 inimicis
1028 2345 1155 2402 obtinuit;
1166 2347 1241 2394 cuias
1251 2344 1305 2389 Col.
1321 2346 1374 2388 rat.

119 2406 254 2481 ingenium
275 2403 432 2452 Turanicam
453 2404 545 2451 urbem
568 2403 602 2450 ab
620 2403 743 2450 Arvernis
769 2404 875 2466 populis
898 2406 1049 2453 emundavit
1071 2423 1097 2464 »5
1115 2407 1240 2470 ignorans

122 2485 213 2523 unser,
242 2466 311 2530 quod
334 2473 439 2529 praeter
455 2465 569 2528 quinque
592 2466 730 2528 episcopos
750 2466 842 2528 reliqui
870 2482 971 2525 omnes,
997 2467 1041 2530 qui
1066 2469 1242 2518 sacerdotium

121 2530 279 2578 'turonicum
289 2534 472 2590 susceperunt,
493 2533 625 2574 tarentum
634 2533 785 2575 nostrorum
797 2527 936 2590 prosapiae
949 2529 1157 2580 suntconiuncti.
1171 2532 1240 2579 lllud

122 2609 198 2666 saepe
212 2590 266 2639 suis
286 2589 460 2636 familiaribus
477 2544 562 2636 dicere
578 2595 635 2636 erat
652 2589 758 2644 solitus,
772 2589 904 2637 hominem
921 2589 1076 2652 prudentem
1096 2609 1148 2640 non
1166 2594 1242 2642 aliter

79 2661 105 2698 ³5
120 2656 170 2703 nisr
183 2655 211 2701 in
225 2652 348 2716 perluriis
369 2651 428 2714 quis
441 2651 560 2714 decipere
576 2651 669 2714 possit.
684 2651 735 2698 Sed
747 2667 807 2698 eum
821 2668 862 2699 me
877 2653 1080 2700 reversoadhuc
1095 2654 1242 2718 despiceret

121 2734 166 2765 nec
177 2716 210 2764 ad
221 2715 404 2763 salutationem
418 2729 516 2770 meam,
529 2713 596 2760 sicut
608 2713 655 2760 reli
677 2712 701 2759 ui
712 2713 782 2761 cives
796 2715 917 2770 lecerunt,
929 2713 1076 2772 adveniret,
1098 2716 1142 2764 scd
1157 2718 1242 2780 magis

121 2796 160 2827 me
183 2777 329 2826 interlicere
350 2775 495 2830 minitaret,
519 2791 578 2821 cum
599 2730 708 2822 consihio
729 2775 930 2847 provincialium
951 2791 1009 2823 eum
1034 2777 1061 2824 in
1084 2780 1242 2826 monasterio

121 2839 249 2890 removeri
270 2837 410 2902 praecipio.
435 2835 551 2899 Cumque
570 2837 668 2884 ibidem
685 2843 768 2884 artius
784 2837 993 2899 distringeretur,
1020 2839 1241 2888 intercedentibus

121 2903 214 2951 Felicis
223 2900 339 2964 episcopi
352 2899 450 2955 missis,
462 2899 507 2962 qui
517 2905 675 2946 memoratae
687 2914 781 2946 causae
795 2901 880 2946 lautor
892 2900 1020 2956 extiterat,
1034 2901 1241 2950 circumventum

81 2970 106 3008 la
120 2964 244 3029 periuriis
263 2962 398 3016 abbatem,
418 2963 481 3024 luga
500 2960 613 3008 elabitur
630 2968 655 3008 et
673 2977 756 3023 usque
772 2961 805 3008 ad
827 2961 938 3008 Felicem
958 2962 1058 3010 accedit
1074 2964 1241 3028 episcopum‚·

120 3042 231 3099 eumque
244 3025 288 3072 ille
305 3023 450 3072 ambienter
471 3023 592 3086 collegit,
611 3039 688 3087 quem
700 3038 820 3070 execrare
834 3023 968 3071 debuerat.
984 3023 1122 3072 Lendastis
1137 3043 1198 3074 vero
1214 3027 1240 3074 in

120 3090 240 3151 Biturrgo
263 3103 311 3159 per
330 3102 384 3141 ens,
408 3101 497 3132 omnes
519 3085 657 3132 thesauros
675 3101 740 3158 quos
760 3084 792 3131 de
815 3084 907 3147 spoliis
926 3102 1073 3148 pauperum
1094 3087 1242 3136 detraxerat

121 3167 209 3200 secum
228 3149 297 3196 tunt.
328 3148 367 3194 'ee
384 3147 466 3194 multo
485 3153 557 3210 post,
581 3147 744 3195 inruentibus
763 3147 891 3209 Biturigis
913 3163 973 3194 cum
988 3148 1073 3194 iudice
1095 3149 1146 3196 loci
1163 3165 1242 3212 super

120 3230 193 3268 cum,
204 3225 281 3258 omae
294 3225 387 3257 aarum
398 3215 586 3272 argentumque
597 3208 638 3256 vel
653 3209 721 3271 quad
735 3225 821 3256 secum
832 3208 962 3256 detulerat
974 3209 1148 3267 abstulerunt,
1160 3211 1241 3258 nihil-

80 3280 105 3316 'rs
120 3291 169 3339 que
181 3274 204 3322 ei
215 3273 265 3320 nisi
279 3271 349 3345 quod
359 3286 439 3334 super
456 3287 483 3316 se
499 3271 592 3317 habuit
604 3270 668 3316 relin
689 3277 791 3327 uentes;
803 3271 941 3334 ipsamque
960 3271 1132 3320 abstulissent
1145 3273 1239 3328 vitam,

120 3337 171 3384 nisi
183 3339 245 3400 luga
259 3336 350 3381 luisset
361 3333 475 3396 elapsus.
494 3331 626 3380 Resumtis
643 3287 736 3379 dehinc
750 3333 865 3389 viribus,
883 3348 942 3380 eum
955 3333 1087 3396 aliquibus
1105 3334 1242 3382 Turonieis

120 3401 214 3447 iterum
225 3396 305 3444 inruit
318 3411 397 3458 super
407 3394 551 3458 praedones
565 3410 639 3451 suos;
653 3394 839 3458 interfectoque
853 3411 916 3450 uno,
936 3395 1026 3503 aliqua
1040 3395 1072 3442 de
1084 3397 1162 3444 rebus
1176 3397 1241 3459 ipsis

121 3459 219 3524 recepit
228 3465 254 3507 et
264 3458 290 3505 in
303 3457 432 3505 Turonico
453 3456 600 3504 revertitur.
617 3456 730 3504 Audiens
749 3457 812 3504 haec
832 3457 954 3504 Berullus
991 3474 1037 3512 ux,
1057 3457 1129 3506 misit
1147 3475 1242 3522 pueros

124 3540 184 3572 suos
196 3537 255 3568 cum
266 3535 399 3567 armorum
411 3525 554 3582 apparatu,
568 3525 598 3565 ut
607 3517 833 3592 apprehenderent
847 3535 914 3566 eum.
933 3518 981 3566 Ille
999 3535 1061 3566 vero
1075 3535 1198 3574 cernens,
1216 3537 1242 3568 se

80 3591 108 3626 :1⁰
123 3588 175 3634 iam
187 3585 291 3646 iamque
300 3597 331 3628 ca
350 3581 371 3637 i,
383 3580 482 3628 relictis
493 3581 584 3636 rebus,
596 3581 734 3628 basrlicam
745 3581 826 3627 sancti
840 3580 933 3628 llilarii
946 3581 1109 3630 Pictarensis
1126 3583 1242 3645 expetiit.

121 3647 244 3697 Berulius
256 3597 381 3691 verodux
393 3658 433 3690 res
448 3650 539 3705 captas
558 3641 613 3704 regi
629 3642 785 3690 transmisit.
808 3642 944 3691 Leudastis
963 3644 1033 3690 enim
1049 3644 1245 3710 egredieflbatur
1255 3655 1309 3699 (jot.
1325 3657 1376 3698 zat.

122 3711 154 3758 de
165 3707 285 3759 basilica,
293 3711 319 3752 et
328 3705 434 3752 inruens
445 3704 471 3751 in
483 3703 604 3751 domibus
615 3703 788 3758 diversorum,
800 3705 912 3766 praedas
923 3705 1028 3768 publice
1038 3707 1182 3754 exercebat.
1194 3707 1244 3754 Sed

122 3780 148 3820 et
156 3772 182 3818 in
196 3767 332 3817 adulteriis
344 3781 421 3830 saepe
435 3765 531 3828 inipso
545 3772 635 3813 sancta
647 3765 747 3828 portico
757 3766 935 3828 deprehensus
947 3773 995 3815 est.
1010 3767 1146 3816 Commota
1158 3775 1244 3815 autem

122 3833 230 3898 regina,
244 3829 313 3892 quod
325 3828 424 3876 scilicet
435 3828 507 3874 locus
516 3828 568 3875 Deo
580 3834 698 3874 sacratus
710 3827 799 3874 taliter
810 3829 979 3890 pollueretur,
991 3829 1070 3876 iussit
1080 3845 1139 3876 eum
1152 3846 1166 3877 a
1177 3831 1245 3877 basi·

78 3900 108 3936 :25
121 3897 173 3944 lica
184 3899 276 3941 saneta
287 3890 344 3938 eici.
365 3889 414 3944 Qui
434 3889 543 3945 eiectus,
566 3889 599 3935 ud
616 3889 734 3952 hospites
752 3905 812 3936 suos
829 3893 923 3938 iterum
940 3891 967 3938 in
987 3891 1107 3954 Biturigo
1124 3893 1245 3955 expetiit.

122 3958 281 4021 deprecans,
292 3968 319 4000 sc
330 3951 411 3999 occuli
423 3952 457 3998 ab
470 3951 515 3998 eis.

166 4046 304 4150 XXlllll
330 4082 407 4168 (50).
434 4083 476 4145 Et
500 4080 578 4144 licet
602 4080 644 4144 de
671 4080 759 4145 beati
790 4079 890 4145 Salvii
916 4080 1066 4170 episcopi
1087 4082 1245 4148 conlocu-

125 4185 214 4252 tione
240 4183 394 4272 superius
417 4206 601 4248 memorare
628 4182 821 4259 debueram,
845 4181 903 4245 sed
924 4183 1002 4269 quia
1021 4194 1167 4247 mentem
1190 4209 1246 4248 cx-

125 4286 244 4363 111511,
272 4311 343 4348 csse
369 4283 565 4370 sacrilegum
594 4308 658 4346 unu
682 4283 837 4361 arbitror,
867 4282 893 4344 si
915 4284 945 4346 in
969 4297 1138 4370 posterum
1165 4289 1247 4350 seri-

1152 4385 1177 4422 rs
