3256 5144
350 411 353 417 ·
418 419 583 468 nrsromrs
600 413 801 468 ralrcoa'uu
817 419 914 469 urana
932 390 962 468 i.
1193 423 1263 468 vus

143 537 276 602 modum
297 539 471 620 [humanae
489 538 644 619 malitiae]
672 549 771 626 atque
798 537 959 603 stultitiae
980 539 1015 603 in
1040 563 1117 604 suos
1145 539 1261 606 desae·

141 640 253 720 viens,
272 639 413 706 nefanda
433 641 517 706 mala
534 642 682 731 gerebat.
706 643 788 708 Nam
807 640 834 706 si
851 654 927 705 ante
947 665 1041 721 eum,
1060 653 1101 706 ut·
1112 641 1259 722 adsolet,

143 740 294 806 convivio
311 741 418 807 utenti
440 767 523 836 puer
543 767 694 807 caereum
719 741 900 822 tenuisset,
922 743 1048 808 nudare
1071 741 1261 808 eius-tibias

144 845 287 910 faciebat
311 856 409 933 atque
432 846 559 910 tamdiu
591 844 635 926 [in
671 844 724 909 his
758 869 890 910 cereum
920 846 1119 934 comprimi],
1155 845 1261 912 donec

112 947 267 1012 sluminc
279 949 481 1036 privaretur3
496 949 617 1012 iterum
636 972 710 1012 cum
727 948 944 1012 inluminatus
961 947 1090 1028 fuisset,
1109 948 1262 1014 similitor

141 1051 301 1128 faciebat,
324 1075 429 1139 usque
451 1050 529 1114 dum
550 1062 639 1115 totae
653 1049 755 1114 tibiae
775 1049 888 1114 famuli
907 1062 1061 1114 tenentes
1082 1073 1261 1117 exureren-

141 1167 206 1219 tur.
236 1152 334 1237 Quod
359 1154 386 1218 si
410 1177 526 1218 vocem
547 1155 713 1218 emitteret
733 1166 789 1218 aut
806 1153 848 1217 dc
865 1152 939 1217 loco
970 1176 1103 1218 movere
1123 1167 1260 1219 conatus

141 1255 276 1335 fuisset,
299 1255 408 1319 nudus
430 1253 508 1320 ilico
528 1255 659 1346 gladius
680 1253 885 1333 inminebat,
907 1254 1093 1343 fiebatque,
1120 1268 1174 1332 ut,
1196 1257 1261 1320 hoc

140 1357 263 1438 flente,
288 1358 344 1423 ille
362 1383 481 1450 magna
498 1357 629 1424 laeticia
647 1358 821 1424 exultaret.
843 1359 973 1448 Agebat
993 1357 1082 1423 enim
1102 1359 1258 1448 quidam,

99 1487 125 1526 ro
140 1462 232 1552 quud
247 1487 287 1527 eo
306 1475 458 1552 tempore
473 1463 539 1529 duo
557 1463 670 1527 famuli
688 1461 773 1543 eius,
786 1475 824 1528 ut
838 1486 937 1552 saepe
953 1462 1135 1554 contingit,
1147 1477 1261 1530 mutuo

140 1559 253 1630 amore
270 1589 304 1629 se
321 1564 498 1646 dilexisse,
519 1589 633 1630 verum
645 1563 774 1631 scilicet
790 1564 804 1656 {l
821 1577 855 1630 et
866 1564 989 1654 puella.
1013 1566 1163 1655 Cumque
1178 1568 1261 1632 haec
1272 1585 1326 1637 Fot.
1339 1587 1368 1634 ut
1380 1593 1416 1634 v·.

139 1665 278 1733 dilectio
298 1691 359 1756 per
375 1667 515 1732 duorum
536 1691 699 1732 annorum
723 1679 780 1732 aut
803 1693 842 1734 eo
863 1668 1005 1756 amplius
1027 1669 1134 1756 spatio
1149 1670 1262 1735 trabe-

140 1782 249 1850 rctur‚
283 1769 454 1834 coniuncti
481 1769 607 1859 pariter
642 1769 797 1835 eclesiam
835 1769 1016 1860 petierunt.
1056 1769 1154 1854 Quod
1188 1795 1262 1838 cum

140 1873 357 1963 Rauchingus
378 1874 604 1960 conperisset,
623 1869 754 1938 accedit
771 1872 811 1936 ad
837 1872 1045 1937 sacerdotem
1062 1871 1149 1952 loci3
1168 1888 1265 1965 rogat

98 2001 124 2040 1⁵
140 1973 205 2039 sibi
221 1974 374 2064 protinus
395 1974 491 2039 reddi
514 1999 590 2040 suos
611 1975 751 2040 famulos
778 1989 965 2040 excusatos.
989 1977 1082 2040 Tunc
1106 1977 1262 2042 sacerdos

140 2079 186 2142 ait
203 2077 244 2142 ad
268 2102 342 2142 eum
365 2103 372 2141 ι
395 2104 411 2139 a
436 2078 532 2143 Nosti
552 2077 659 2156 enim,
682 2101 766 2166 quae
786 2076 957 2142 veneratio
979 2076 1100 2142 debeat
1122 2079 1262 2166 inpendi

140 2179 273 2246 eclesiis
297 2181 375 2259 Dei;
396 2205 463 2245 non
482 2179 570 2244 enim
587 2181 712 2270 poteris
736 2205 799 2245 eos·
816 2203 995 2269 accepere,
1016 2181 1082 2245 nisi
1106 2194 1143 2246 ut
1162 2181 1262 2247 fidem

140 2283 241 2347 facias
261 2282 302 2347 de
319 2295 536 2371 permanente
557 2307 671 2347 eorum
699 2281 956 2362 coniunctione;
980 2282 1134 2348 similiter
1161 2297 1194 2348 et
1220 2284 1262 2349 de

141 2388 231 2451 omni
248 2410 357 2475 poena
374 2385 473 2450 liberi
489 2400 644 2451 maneant
666 2385 890 2474 repromittas.
916 2413 931 2448 u
954 2386 997 2450 At
1014 2385 1090 2466 ille,
1111 2409 1186 2451 oum
1205 2386 1262 2452 diu

99 2513 128 2552 ro
144 2487 320 2578 ambiguus
336 2487 539 2578 cogitatione
555 2488 715 2567 siluisset,
737 2488 872 2552 tandem
893 2512 1073 2553 conversus
1091 2487 1132 2552 ad
1152 2478 1261 2553 sacer-¹

140 2591 271 2669 dotem,
288 2593 402 2680 posuit
421 2615 654 2680 manus'super
672 2592 788 2656 altario
807 2615 881 2655 cum
900 2589 1099 2671 iuramento,
1122 2590 1259 2656 dicens:

143 2696 262 2778 «Quia
295 2717 474 2782 numquam
504 2705 601 2757 erunt
625 2719 641 2757 a
667 2691 938 2782 me'separandi,
975 2692 1033 2757 sed
1054 2690 1167 2782 potius
1200 2717 1262 2784 ego

143 2792 275 2872 faciam,
301 2805 339 2856 ut
357 2793 392 2856 in
416 2793 478 2855 hac
508 2790 744 2857 coniunctione
767 2804 1001 2880 permaneant,
1028 2791 1118 2880 quia,
1145 2815 1261 2879 quam-

143 2917 241 2983 quam
260 2894 342 2958 mihi
357 2893 533 2958 molestum
555 2893 670 2973 fuerit,
689 2893 779 2982 quod
798 2894 924 2982 absque
940 2894 1005 2957 urei
1021 2891 1154 2957 consilii
1172 2893 1261 2958 coni·

99 3026 128 3064 25
143 2995 252 3062 ventis
270 2996 333 3060 ista
351 2992 365 3086 Η
383 2998 449 3060 sint
469 3008 575 3085 gesta,
595 2996 677 3061 illud
695 3009 806 3060 tamen
826 2995 936 3061 libens
957 2996 1152 3085 amplector,
1172 2995 1261 3085 quod
1273 3009 1327 3057 cot.
1343 3011 1395 3056 aot.

144 3123 204 3166 noc
237 3099 292 3163 hic
326 3098 480 3163 ancillam
518 3098 653 3162 alterius
692 3123 801 3187 neque
840 3101 922 3163 haec
951 3099 1099 3162 extranei
1131 3121 1261 3161 servum

143 3225 314 3291 accepere.
339 3227 356 3262 a
382 3200 535 3266 Credidit
553 3200 708 3264 sacerdos
726 3199 782 3264 ille
795 3199 992 3288 simpliciter
1003 3201 1260 3289 promissionem

143 3303 287 3369 hominis
306 3302 416 3367 callidi
438 3301 652 3390 reddiditque
676 3301 830 3366 homines
848 3313 1035 3367 excusatos.
1055 3299 1184 3384 Quibus
1204 3302 1260 3366 ille

143 3405 290 3494 acceptis
318 3418 352 3468 et
376 3403 500 3494 gratias
527 3427 646 3493 agens,
672 3405 834 3468 abscessit
859 3404 899 3468 ad
922 3404 1057 3468 domum
1086 3427 1190 3468 suam.
1221 3407 1262 3468 Et

99 3537 129 3574 ao
144 3507 253 3573 statim
274 3506 371 3572 iussit
387 3505 511 3570 elidere
534 3507 686 3571 arborem
707 3518 963 3594 truncatumque
984 3506 1171 3570 columnam
1191 3507 1261 3571 eius

143 3637 203 3702 per
219 3611 329 3699 capita
346 3633 470 3674 cuneos
491 3609 628 3674 scissam
653 3609 817 3699 praecipit
839 3632 1017 3687 excavare;
1039 3607 1261 3698 effossumque

142 3718 177 3780 in
197 3712 407 3778 altitudinem
427 3713 527 3776 trium
548 3726 605 3777 aut
622 3725 778 3801 quattuor
797 3713 944 3803 peduum
963 3713 1113 3789 humum,
1137 3712 1259 3801 deponi

142 3843 197 3884 vas
212 3816 306 3881 iubet
325 3818 360 3881 in
379 3815 517 3882 foveam.
530 3815 646 3905 Ibique
657 3816 803 3904 puellam
819 3827 856 3879 ut
870 3827 1033 3880 mortuam
1051 3839 1257 3903 conponens,

142 3945 281 4010 puerum
311 3919 456 4007 desuper
488 3918 611 3982 iactare
639 3917 821 4007 praecipit3
853 3916 965 4006 posuit
997 3916 1203 4005 operturium
1228 3931 1261 3982 et

99 4023 265 4088 ral’ossam
286 4023 387 4086 humo
411 4021 552 4109 replevit
589 4019 807 4109 sepelivitque
841 4043 898 4084 eos
922 4020 1089 4098 viventes,
1112 4017 1258 4084 dicens:

145 4153 161 4188 u
181 4125 266 4209 Quia
286 4149 354 4188 non
373 4122 526 4188 frustravi
546 4122 766 4212 iuramentum
783 4145 905 4201 meum,
922 4134 958 4186 ut
978 4146 1045 4188 uon
1064 4139 1256 4210 separentur

143 4227 189 4292 hii
205 4227 241 4292 in
261 4227 512 4315 sempiternum.
533 4251 549 4288 »
570 4227 634 4308 Qui
654 4250 728 4290 oum
747 4224 920 4289 sacerdote
939 4225 1089 4289 nuntiata
1107 4225 1259 4303 fuissent,
