3220 5158
370 431 400 477 36
653 427 811 478 Guuuouu
829 425 1037 476 TURONENSIS
1054 424 1204 474 urrscoel

371 558 480 610 autem
499 544 607 633 patuit
629 569 689 633 per
712 546 811 611 huius
841 545 1053 626 caecitatem,
1086 542 1230 632 qualiter
1260 543 1486 608 hereticorum

370 649 548 737 episcopus
565 647 682 732 oculos
709 648 859 712 cordium
889 649 1009 712 misero
1035 647 1229 710 assertionis
1255 669 1331 710 suae
1354 642 1488 709 velabat

370 752 510 832 amictu,
546 775 587 815 ne
608 774 719 816 veram
745 750 853 816 lucem
874 749 990 815 liceret
1015 747 1093 813 fidei
1119 747 1223 814 oculis
1242 745 1483 835 contemplare.

370 853 580 933 Omiserum‚
597 852 653 942 qui
670 877 738 917 non
753 851 932 947 ingressus¹
943 876 1003 941 per
1015 849 1160 932 ianuam,
1180 851 1215 915 id
1231 862 1282 915 est
1298 874 1359 938 per
1370 847 1487 914 Chris-

368 966 456 1035 tum,
481 955 537 1045 qui
562 968 613 1020 est
633 957 730 1020 ianua
750 980 844 1035 vera,
869 955 967 1045 lupus
987 956 1092 1045 magis
1123 955 1219 1045 gregi
1244 975 1344 1042 quam
1371 965 1515 1018 custuss

368 1056 507 1122 effectus
527 1071 578 1123 est
594 1070 628 1123 et
646 1059 763 1123 faciem
779 1060 789 1104 ¹
807 1057 904 1139 fidei,
929 1081 1027 1146 quam
1043 1058 1078 1121 in
1100 1056 1307 1122 credentium
1327 1055 1486 1120 cordibus

368 1158 529 1224 debuerat
562 1160 764 1242 accendere,
798 1163 833 1225 in
868 1159 1030 1250 pravitate
1064 1160 1175 1224 cordis
1212 1158 1261 1224 sui
1301 1159 1486 1224 conabatur

368 1263 573 1353 extinguire!
608 1265 723 1330 Sancti
748 1287 827 1328 vero
851 1261 913 1327 Dei
942 1261 1003 1326 alia
1026 1261 1121 1353 signa
1150 1263 1186 1326 in
1215 1260 1348 1352 populis
1382 1260 1486 1324 multa

367 1363 534 1448 fecerunt,
561 1377 594 1431 et
618 1379 688 1432 erat
711 1391 774 1432 vox
795 1389 860 1431 una
880 1364 996 1455 populi
1023 1363 1167 1430 dicentis
1193 1390 1199 1428 :
1224 1391 1241 1428 a
1267 1367 1373 1432 Verus
1393 1367 1486 1428 Deus

291 1498 294 1504 ·
367 1469 476 1548 Pater,
498 1491 594 1533 verus
612 1470 702 1532 Deus
719 1465 841 1548 Filius,
857 1491 955 1532 verus
974 1468 1063 1531 Deus
1084 1467 1229 1556 Spiritus
1248 1477 1400 1548 sanctus,
1419 1489 1485 1529 una
1502 1491 1528 1528 ro

367 1569 432 1635 fide
448 1568 628 1650 colendus,
649 1594 715 1634 uno
735 1571 855 1634 timore
873 1569 1090 1650 metuendus,
1109 1567 1226 1634 eodem
1241 1569 1369 1633 honore
1387 1591 1484 1632 vene-

367 1673 509 1752 randus3
529 1696 604 1737 nam
615 1696 699 1761 qnae
716 1672 835 1760 Cyrola
850 1673 969 1736 asserit
983 1671 1064 1736 falsa
1082 1695 1155 1736 esse
1171 1672 1300 1736 cunctis
1316 1682 1368 1735 est
1382 1669 1485 1734 mani·

367 1775 499 1861 festum.
520 1801 537 1838 r

243 1908 354 1957 F01.1c.
410 1877 536 1945 Videas
556 1889 665 1942 autem
685 1877 871 1942 Honoricus
893 1901 966 1958 rex,
990 1874 1190 1941 assertiones
1212 1899 1286 1941 suas
1306 1901 1368 1966 per
1392 1900 1484 1940 sanc-

367 1991 476 2043 torum
497 1978 596 2043 fidem
618 1978 798 2069 gloriosam
822 1977 934 2044 taliter
956 1979 1129 2058 denutari,
1158 2002 1220 2044 nec
1244 1977 1328 2069 erigi
1359 1992 1483 2043 sectam
1500 2004 1526 2044 15

250 2097 303 2145 Col.
317 2100 354 2146 50.
368 2083 509 2163 erroris,
536 2081 595 2146 sed
623 2075 735 2171 potius
764 2080 911 2146 distrui‘2
932 2080 1130 2171 fallmamque
1153 2082 1339 2170 pontefecis
1367 2081 1417 2146 sui
1449 2081 1484 2146 in

367 2186 432 2251 hoc
457 2185 582 2250 scelere
609 2184 711 2250 fuisse
733 2186 916 2266 detectam,
946 2198 1078 2250 sanctos
1101 2186 1163 2250 Dei
1187 2197 1265 2272 post
1288 2184 1390 2249 multa
1414 2196 1483 2249 tor·

368 2301 491 2368 menta,
515 2299 593 2376 post
614 2287 764 2368 eculeos,
801 2300 878 2376 post
899 2287 1062 2370 flammas,
1091 2300 1169 2377 post
1191 2287 1353 2378 ungulas,
1387 2288 1484 2352 iussit

366 2391 540 2470 interfeci,
561 2391 694 2455 beatum
713 2413 792 2455 vero
817 2390 1003 2482 Eugenium
1028 2390 1188 2456 decollari
1214 2388 1331 2469 iussit,
1359 2390 1422 2454 sub
1445 2415 1482 2454 ea

367 2492 498 2583 specie,
516 2505 568 2574 ut,
598 2492 624 2557 si
657 2491 692 2557 in
716 2517 754 2557 ea
779 2494 861 2558 hora
885 2518 950 2585 qua
978 2493 1068 2558 ensis
1095 2517 1195 2582 super
1218 2490 1380 2557 cervicem
1409 2493 1524 2557 eiusao

366 2596 597 2678 incumbebat,
619 2620 686 2660 non
705 2609 925 2662 reverteretur
945 2597 985 2662 ad
1005 2597 1229 2662 hereticorum
1251 2608 1394 2677 sectam,
1414 2618 1482 2661 uon

366 2696 592 2778 occideretur,
615 2722 656 2762 ne
683 2721 758 2762 eum
787 2723 848 2786 pro
872 2711 1050 2787 martyrem
1071 2697 1263 2762 excolerent
1280 2695 1479 2776 Christiani,

366 2801 425 2866 scd
445 2801 543 2868 exilio
563 2801 785 2866 damnaretur.
818 2802 915 2885 Quod
944 2800 990 2865 ita
1020 2803 1142 2866 lactum
1168 2824 1241 2864 csse
1270 2799 1481 2866 manifestum

366 2915 427 2968 est.
453 2906 536 2970 Nam
561 2927 634 2969 oum
667 2902 862 2968 imminente
895 2915 1001 2968 morte
1027 2904 1252 2993 interrogatus
1285 2901 1421 2983 fuisset,
1454 2900 1480 2965 si

365 3006 448 3071 mori
468 3031 529 3096 pro
547 3005 613 3071 fide
630 3007 794 3072 catholica
809 3006 1002 3088 distineret,
1027 3005 1221 3096 respondit:
1245 3032 1262 3067 «
1283 3007 1369 3070 Haec
1390 3003 1479 3070 enim
1493 3033 1523 3072 ss

364 3121 416 3173 est
431 3109 633 3199 sempiterna
653 3110 735 3189 vita,
766 3133 827 3198 pro
854 3109 986 3174 iusticia
1012 3110 1106 3174 mori.
1137 3135 1154 3170 a
1178 3110 1288 3189 Tunc,
1316 3132 1480 3197 suspenso

362 3211 492 3301 gladio,
512 3212 599 3301 apud
615 3209 832 3301 Albigensem
849 3211 1031 3278 Galliarum
1047 3214 1165 3278 urbem
1181 3210 1279 3278 exilio
1300 3209 1479 3298 deputatus

363 3326 431 3394 est;
462 3313 509 3378 ibi
536 3327 569 3379 et
596 3313 696 3378 finem
722 3313 808 3379 vitae
842 3315 1031 3405 praesentis
1065 3316 1154 3380 fecit.
1189 3314 1240 3378 hd
1271 3313 1365 3378 cuius
1390 3337 1479 3380 nuno

363 3416 577 3504 sepulchrum
601 3417 722 3481 multae
752 3416 890 3482 virtutes
921 3430 956 3482 et
980 3417 1212 3507 ¹creberrimae
1241 3415 1474 3482 ostenduntur.

364 3519 522 3584 Sanctum
536 3543 614 3583 vero
633 3518 868 3587 Vindimialem
888 3511 1000 3612 gladio
1025 3522 1154 3609 percuti
1174 3519 1365 3609 praecepit;
1389 3520 1478 3609 quod
1494 3547 1523 3584 ao

362 3618 408 3684 ita
427 3620 600 3710 impletum
618 3634 679 3688 est.
701 3626 738 3688 lu
754 3625 818 3688 hoc
839 3623 1019 3688 certamine
1040 3636 1073 3687 et
1091 3623 1291 3688 Octavianus
1313 3623 1478 3688 archidia-

363 3747 466 3789 conus
495 3737 529 3789 et
556 3723 659 3788 multa
687 3724 777 3790 milia
809 3725 955 3792 virorum
982 3750 1019 3790 ac
1053 3725 1228 3791 mulierum
1260 3726 1346 3790 hanc
1379 3725 1478 3792 fidem

362 3837 548 3891 asserentes
565 3826 766 3917 interempta
784 3841 882 3918 atque
901 3826 1075 3892 debilitata
1093 3841 1180 3893 sunt.
1203 3829 1270 3894 Sed
1290 3854 1351 3919 pro
1367 3855 1477 3896 amore

360 3928 486 4019 gloriae
498 3928 582 3996 nihil
600 3932 787 3996 erauthacc
804 3931 967 4021 supplicia
985 3931 1233 3997 consessoribus
1254 3933 1398 4015 sanctis,
1420 3933 1478 4023 qui

360 4031 395 4096 in
422 4030 536 4122 paucis
562 4031 686 4114 vexati,
711 4034 745 4098 in
770 4034 882 4100 multis
907 4037 993 4101 bene
1012 4061 1046 4100 se
1069 4050 1229 4103 noverant
1247 4035 1476 4128 disponendos
1491 4073 1521 4116 ³5

391 4307 413 4354 1.
432 4309 500 4356 Corr.
517 4309 607 4358 facem.
621 4335 651 4346 -
664 4309 686 4356 2.
707 4311 776 4357 Corr.
791 4307 901 4360 destrui.
