3238 5140
360 453 418 490 xm

406 559 455 647 [P.
488 557 579 646 670.]
603 557 799 622 Excudebat
815 556 905 624 Guil.
926 557 1087 622 Morelius
1113 559 1344 647 typographus
1374 557 1486 647 regius

361 661 499 726 Lutetiae
515 658 731 739 Parisiorum,
750 659 795 724 M.
814 661 855 724 D.
877 661 958 724 LXI.

406 761 505 841 ln280,
527 763 600 828 XVI
618 759 780 839 feuillets,
803 759 871 825 non
889 759 1043 840 chiffrds,
1065 759 1130 825 639
1150 784 1253 850 peges
1274 773 1307 824 et
1328 783 1384 848 pp.
1408 759 1487 824 641-

362 863 438 942 670,
458 887 525 928 non
540 861 718 953 paginees,
736 886 821 950 pour
835 861 884 926 les
902 861 1076 929 Variantes
1095 874 1128 926 et
1144 861 1283 926 l'lndex.

407 964 544 1030 Edition
559 965 691 1029 donnee
706 965 838 1052 d’apres
855 988 899 1029 un
916 989 977 1028 ms.
996 965 1038 1029 de
1056 967 1162 1029 Tours
1177 963 1327 1028 incounu
1344 962 1485 1050 (Arndt,

408 1169 573 1235 L'editiou
588 1169 635 1234 de
654 1169 686 1233 la
707 1168 901 1257 Chronique
918 1167 1074 1249 d'Adon,
1091 1169 1148 1259 qui
1170 1169 1252 1247 suit,
1273 1193 1308 1234 se
1330 1191 1487 1256 compose

266 1313 271 1320 -
363 1273 405 1336 de
427 1271 447 1335 2
471 1270 633 1351 feuillets,
658 1295 726 1336 non
749 1270 903 1350 chiffres,
927 1271 969 1335 de
991 1269 1071 1336 titre
1091 1285 1125 1337 et
1145 1271 1252 1350 table,
1277 1270 1340 1335 247
1365 1293 1485 1360 peges,

364 1373 383 1436 2
411 1372 573 1452 feuillets,
602 1395 669 1437 non
696 1371 832 1437 chiffres
861 1399 878 1434 u
913 1371 1003 1437 Guil.
1037 1372 1198 1438 Morelius
1229 1370 1371 1438 lectori¹
1407 1398 1423 1432 n
1455 1384 1488 1436 et

366 1474 406 1540 16
424 1473 585 1552 feuillets,
605 1497 674 1538 non
694 1472 846 1554 chiffres,
867 1495 953 1562 pour
967 1474 1108 1540 l'lndex.

408 1579 459 1640 On
473 1588 589 1640 trouve
605 1576 664 1640 des
680 1575 900 1663 exemplaires
916 1576 959 1639 do
972 1588 1060 1641 cette
1076 1575 1205 1640 e'dition
1221 1599 1299 1639 aveo
1313 1599 1378 1639 une
1395 1586 1488 1640 autre

365 1700 500 1764 marque
523 1679 768 1766 accompagnee
790 1676 832 1740 de
855 1677 886 1740 la
910 1675 1024 1744 devise
1049 1703 1055 1741 :
1082 1704 1099 1739 ιι
1124 1679 1174 1744 Ne
1195 1676 1346 1742 declines
1372 1675 1414 1740 de
1438 1674 1489 1738 via

364 1779 525 1843 veritatis
547 1804 564 1840 u

867 1881 993 1949 1568.

409 2027 647 2120 GREGORssn
664 2029 872 2098 ivnonrcr
902 2027 1165 2120 maro-nune
1195 2027 1493 2117 ranuconvnn

366 2157 452 2197 niani
485 2157 603 2197 nncnu.
628 2129 641 2224 ΙΙ
664 2158 793 2207 ovonvn
834 2155 959 2208 ovnnro
995 2157 1056 2198 nvo
1097 2132 1233 2226 cn-{lpita
1263 2132 1431 2224 praecipua
1454 2157 1493 2197 ex

367 2257 467 2297 manu
489 2232 615 2322 scripto
637 2233 819 2322 exemplari
839 2232 853 2326 Ι]
873 2236 935 2299 hae
959 2235 1075 2300 nostra
1096 2234 1245 2300 editione
1262 2245 1488 2299 accesserunt.

366 2331 497 2423 Aptdix
515 2334 594 2399 item
606 2333 620 2426 {l
637 2334 707 2399 siue
725 2334 812 2399 liber
829 2338 887 2415 Xl,
908 2348 1042 2402 centum
1060 2339 1092 2406 &
1111 2335 1228 2402 decem
1247 2360 1410 2400 armorum
1427 2333 1494 2426 hi-{l

368 2435 505 2501 storiam
543 2435 720 2502 continens
757 2435 822 2501 alio
856 2437 1001 2526 quodam
1030 2450 1145 2503 autore
1172 2437 1185 2528 {l
1209 2461 1352 2526 quorum
1385 2435 1493 2526 gratia

368 2550 474 2602 totum
508 2535 618 2626 o-sspus
654 2536 857 2603 recudimus.
883 2535 898 2628 Ι]
920 2539 960 2602 Ia
995 2539 1114 2628 quibus
1150 2540 1300 2602 ornaibue
1337 2547 1379 2601 ao
1419 2532 1493 2602 sola

367 2641 574 2704 Francorum
590 2665 643 2704 res
654 2655 771 2729 gestae,
786 2641 845 2704 sed
860 2636 874 2726 l}
892 2645 991 2704 etiam
1006 2641 1197 2728 Martyrum
1214 2666 1287 2704 cura
1304 2635 1492 2726 infidelibus

369 2741 471 2822 bella,
508 2745 547 2825 &A
573 2739 760 2830 Eccle-llsiae
798 2766 872 2804 cam
916 2742 1077 2807 haereticis
1119 2748 1376 2808 concertationes
1422 2742 1495 2832 ars-{l

363 2857 545 2936 ponuntur.
563 2841 577 2932 ΙΙ
593 2844 809 2925 BASILEAE,
828 2845 842 2936 Η
857 2869 916 2908 rau
944 2869 1070 2910 rnrnvu
1095 2869 1225 2909 nannum
1241 2841 1255 2934 {l
1276 2840 1361 2908 1568
1379 2837 1392 2933 ΙΙ
1410 2845 1493 2909 Cum

368 2945 476 3036 gratia
490 2949 522 3013 &
537 2944 716 3035 priuilegio
733 2948 815 3011 Caes.
838 2943 967 3011 Maiest.
985 2943 1003 3036 ll
1015 2947 1055 3011 ad
1072 2947 1188 3012 Annos
1205 2971 1272 3011 sex.

412 3050 484 3115 Fol.
506 3075 541 3114 a.
564 3047 668 3114 Titre.

413 3153 484 3217 Fol.
507 3153 575 3216 b-k.
598 3149 714 3240 Epitre
735 3151 974 3218 dedicatoiret.

401 3358 423 3404 l.
441 3357 481 3406 On
493 3357 525 3404 lit
537 3357 603 3404 dans
615 3357 690 3404 l'avis
704 3373 716 3405 u
731 3357 799 3406 Guil.
813 3358 937 3406 Morelius
949 3359 1040 3407 lectori
1055 3375 1066 3405 n
1082 3374 1087 3406 :

401 3436 413 3465 n
427 3418 563 3466 Ghronicis
576 3419 672 3468 Adonis
683 3420 848 3478 excudendis,
860 3422 1054 3485 exemplaribus
1066 3437 1129 3468 usus
1143 3437 1201 3469 sum
1211 3421 1313 3467 duobus
1326 3435 1331 3466 :
1343 3435 1403 3477 uno,
1418 3435 1495 3482 quom

367 3481 422 3545 jam
445 3481 507 3529 olim
528 3481 642 3530 Jodoous
666 3481 764 3529 Badius
788 3481 824 3530 im
845 3484 936 3538 ressit,
962 3500 1009 3530 aus
1031 3482 1080 3530 icio
1102 3479 1133 3530 et¹
1146 3481 1222 3545 jussu
1246 3481 1378 3531 Guilielmi
1403 3483 1494 3539 Parvi,

369 3544 506 3606 theologi:
524 3544 606 3590 altero
623 3545 802 3608 manuscripto
837 3545 913 3594 ienna
928 3547 979 3594 huc
992 3500 1100 3594 advecto
1117 3552 1143 3592 et
1155 3545 1280 3592 beneficio
1298 3543 1393 3592 eruditi
1406 3543 1496 3606 cujus-

369 3605 439 3661 dam,
454 3604 498 3668 qui
510 3621 605 3653 nomen
616 3622 692 3652 suum
701 3605 744 3654 hic
756 3613 785 3654 ut
796 3607 955 3656 ascriberem
965 3623 1016 3656 non
1027 3611 1067 3654 est
1074 3623 1178 3670 passus,
1190 3606 1298 3654 adhunc
1307 3605 1497 3654 emendandam

370 3667 510 3716 editionem
522 3666 549 3714 in
563 3683 655 3715 manus
669 3683 740 3716 meas
754 3669 864 3732 perlato.
884 3687 896 3716 u
1351 3714 1353 3720 .
1380 3719 1392 3732 ᾖ

401 3729 435 3778 Le
448 3745 508 3777 nom
521 3729 555 3776 du
566 3746 720 3792 possesseur
732 3730 763 3778 de
776 3747 804 3778 ce
815 3731 918 3780 dernier
930 3731 1075 3779 manuscrit
1088 3747 1152 3780 nous
1164 3737 1203 3778 est
1215 3732 1301 3778 revolt
1314 3747 1362 3793 pur
1375 3747 1424 3778 unc
1437 3735 1496 3779 note

369 3790 589 3855 contemporaine,
601 3791 666 3839 mise
677 3809 708 3839 en
719 3809 808 3866 merge
821 3794 886 3841 dans
896 3791 1073 3858 l'exemplaire
1084 3792 1115 3841 de
1127 3794 1154 3842 la
1166 3792 1348 3858 Biblioth'eque
1360 3792 1496 3840 Nationule

371 3853 443 3917 (Lat,
459 3855 482 3918 3)
496 3870 501 3901 :
520 3870 532 3900 u
546 3853 648 3902 Claudii
662 3854 795 3902 Mitallerri
807 3855 970 3906 Viennensis.
985 3872 998 3903 r>

401 3931 423 3976 2.
442 3930 479 3977 La
490 3929 611 3976 dedicare
621 3935 661 3978 est
673 3930 794 3978 adressee
807 3946 812 3977 :
825 3947 837 3978 (ι
851 3932 988 3980 Nobilibus
1001 3948 1031 3980 ac
1044 3931 1178 3995 generosis
1189 3931 1314 3989 Dominis,
1329 3932 1358 3979 D.
1373 3930 1461 3994 Philip
1482 3948 1496 3979 o

370 3991 442 4040 Patri
458 4007 489 4066 ao
500 3992 579 4048 Filio,
594 3991 739 4040 Comitibus
751 3993 779 4040 in
790 3993 883 4042 Hanau
896 3999 922 4042 et
934 3994 1047 4042 dominis
1058 3994 1084 4042 in
1097 3994 1294 4057 Liechtenborg‚
1309 3999 1388 4042 etc...
1403 3994 1467 4042 Mau
1489 4029 1495 4041 .

370 4055 415 4164 Fli
426 4054 611 4180 liiiiiilgorius
632 4115 804 4173 Turonensis,
823 4133 900 4182 quem
913 4134 961 4182 ego
976 4118 1035 4166 ideo
1047 4118 1136 4168 recudi
1148 4118 1251 4176 curavi,
1268 4118 1337 4182 quod
1356 4117 1411 4180 ejus
1431 4118 1496 4166 bene

370 4179 478 4252 longam
499 4177 671 4252 appendicem
692 4195 745 4226 una
764 4196 824 4254 oum
844 4181 946 4254 aliquot
967 4179 1052 4256 ipsius
1073 4179 1193 4253 authoris
1217 4179 1496 4254 antealde'fioientibue

371 4241 1496 4368 tubi?itit‘sititinduitintuitti?Estttn¹¹0ililt¹¹ittsi2

371 4365 558 4414 bibliothecam
569 4366 714 4414 translatus
727 4373 795 4416 est...
809 4368 971 4432 Argentinre,
985 4368 1022 4416 10.
1037 4368 1092 4418 Cal.
1106 4367 1205 4434 Aprilis
1218 4368 1286 4416 1568.
1301 4384 1313 4415 u
