3220 5158
371 408 400 454 32
652 404 809 455 GREGORH
828 401 1036 452 TURONENSIS
1053 403 1205 454 EPISCOPI

373 524 522 612 Cumque
550 521 591 586 ad
613 521 737 586 bellum
769 521 884 586 armati
910 521 1134 609 procederent
1162 546 1199 586 ac
1226 520 1425 612 iamiamque
1452 523 1488 588 in

328 665 332 670 =
373 623 528 691 conflicto
543 625 650 712 parati
666 637 795 702 essent,
817 625 863 688 ait
877 622 1137 690 Alamannorum
1153 648 1210 689 rex
1232 651 1239 688 :
1266 651 1283 688 «
1306 629 1488 715 Quousque
1597 687 1598 706 ξ

372 727 496 792 bellum
515 751 615 816 super
631 740 788 792 cunctum
806 726 966 816 populum
987 729 1236 792 commovetur?
1256 730 1304 794 Ne
1327 742 1486 817 pereant,

372 853 512 920 quaeso,
541 829 656 919 populi
675 829 849 918 utriusque
875 829 1025 919 falango,
1059 830 1118 896 sed
1140 830 1326 920 procedant
1353 831 1419 896 dno
1446 831 1489 895 de

373 934 496 999 nostris
513 932 547 997 in
568 957 720 1022 campum
738 957 813 997 cum
827 932 926 997 armis
944 930 1094 1013 bellicis,
1108 945 1141 998 et
1157 931 1229 1021 ipse
1249 934 1337 999 inter
1355 958 1390 998 se
1410 958 1515 999 con-s

263 1095 266 1104 ,
372 1034 498 1124 fligant.
520 1035 695 1114 Tuncille,
713 1033 806 1099 cuius
823 1058 906 1124 puer
919 1026 1053 1114 uicerit,
1069 1036 1206 1125 regione
1222 1036 1294 1099 sine
1306 1037 1489 1100 certamine

372 1127 550 1202 obtinebit.
577 1123 593 1200 a
615 1137 666 1202 Ad
690 1139 773 1202 haec
801 1149 942 1203 cunctus
967 1138 1139 1202 consensit
1165 1137 1327 1226 populos,
1355 1163 1396 1203 ne
1417 1138 1490 1204 uni-

371 1265 466 1307 versa
480 1240 659 1306 multitudo
678 1241 712 1305 in
734 1265 790 1306 ore
813 1239 917 1331 gladii
934 1253 1057 1304 rueret.
1079 1239 1137 1304 His
1156 1263 1235 1330 ergo
1256 1240 1375 1309 diebus
1399 1244 1490 1308 Gun-

372 1341 504 1407 dericus
524 1367 582 1408 rex
596 1344 741 1423 obierat,
763 1344 798 1406 in
816 1341 909 1407 cuius
929 1341 1003 1407 loco
1026 1341 1272 1407 Trasamundus
1290 1345 1492 1409 obtenuerat
1598 1363 1599 1372 ³

325 1467 328 1472 ’
372 1469 523 1535 regnum.
555 1443 821 1534 confligentibus
853 1468 931 1508 vero
968 1444 1098 1532 pueris,
1136 1467 1213 1532 pars
1248 1444 1490 1515 Wandalorum
1506 1471 1533 1508 ro
1598 1439 1599 1470 r

370 1548 456 1611 victa
487 1547 679 1625 succubuit3
716 1546 996 1634 interfectumque
1023 1569 1183 1634 puerum,
1211 1548 1370 1636 placitum
1396 1573 1490 1639 egre-

217 1648 487 1714 F⁰l·1fv‘'·diendi
507 1649 753 1714 Trasamnudus
771 1649 924 1738 spondit,
949 1647 962 1738 ll
984 1659 1020 1712 ut
1039 1648 1187 1729 scilicet,
1209 1649 1416 1739 praeparatis
1438 1651 1490 1716 iti·

373 1751 462 1817 neris
484 1749 694 1830 necessariis,
712 1775 747 1815 se
762 1775 780 1814 a
798 1749 920 1814 finibus
937 1749 1114 1840 Hispaniae
1134 1765 1329 1816 removeret.

417 1855 481 1920 Per
504 1853 593 1918 idem
628 1878 707 1918 vero
742 1865 873 1942 tempus
904 1854 1172 1941 persecutionem
1206 1855 1240 1917 in
1279 1855 1490 1921 Christianos

252 1972 306 2021 Cot.
322 1975 359 2020 45.
372 1955 618 2023 Trasamundns
636 1957 786 2020 exercuit
808 1980 846 2019 ac
866 1967 968 2020 totam
988 1953 1201 2044 Hispaniam,
1224 1971 1260 2022 ut
1270 1957 1444 2046 perfidiam
1461 1957 1475 2048 Η
1507 1984 1532 2021 15

372 2057 531 2125 Arrianae
561 2057 642 2122 ritae
664 2057 884 2137 consentiret,
913 2059 1088 2121 tormentis
1109 2082 1146 2122 ac
1167 2056 1307 2123 diversis
1325 2061 1490 2124 mortibus

372 2160 566 2251 inpellebat.
589 2159 686 2226 Unde
706 2159 914 2239 factumest,
937 2171 973 2223 ut
990 2158 1101 2248 puella
1128 2160 1290 2249 quaedam
1315 2162 1489 2252 religiosa,

372 2263 546 2352 praedives
566 2262 686 2350 opibus
704 2285 740 2326 ac
762 2260 944 2326 secundum
959 2262 1083 2326 saeculi
1099 2262 1297 2352 dignitatem
1314 2264 1492 2328 nobilitate

373 2365 538 2429 senatoria
557 2363 681 2428 florens
706 2376 754 2444 et,
777 2363 867 2452 quod
889 2363 942 2426 his
962 2364 1117 2428 omnibus
1149 2378 1199 2429 est
1230 2365 1394 2446 nobilius,
1423 2366 1491 2431 lide

373 2467 537 2532 catholica
556 2466 703 2553 pollens,
730 2489 814 2554 quae
840 2469 911 2530 Deo
934 2467 1156 2554 omnipotenti
1183 2469 1489 2556 inrepraehensibi-
1505 2496 1533 2533 eo

337 2647 339 2650 Ι
373 2568 450 2634 liter
469 2569 650 2648 serviebat,
675 2567 716 2632 ad
738 2567 800 2632 hac
823 2569 1052 2655 quaestionem
1075 2567 1308 2634 adduceretur.
1339 2572 1491 2660 Cumque

373 2671 461 2762 regis
484 2665 601 2735 fuisset
627 2669 738 2734 oblata
766 2670 1020 2759 conspectibus,
1048 2671 1160 2758 coepit
1186 2695 1257 2734 eam
1279 2672 1422 2760 primum
1448 2672 1490 2736 ad

373 2772 646 2862 rebaptizandum
679 2771 811 2836 blandis
847 2771 1057 2836 sermonibus
1094 2772 1243 2838 inlicere.
1281 2778 1372 2857 Quae
1414 2799 1490 2839 cnm

372 2900 575 2942 venenosum
599 2875 669 2940 eius
693 2874 835 2939 iacolum
866 2873 942 2939 fidei
961 2899 1050 2939 arma
1065 2875 1288 2965 propelleret,
1317 2865 1491 2966 praecepit

374 3005 431 3046 rex
455 2977 626 3043 facultates
657 2976 727 3041 eius
752 2977 890 3056 auferri,
923 3001 1007 3065 quae
1040 2975 1104 3040 iam
1139 2991 1249 3045 mente
1286 2980 1490 3069 possedebat
1503 3007 1534 3045 25

323 3100 326 3106 '
374 3105 477 3173 regna
491 3078 656 3170 paradisi,
678 3078 800 3145 deinde
817 3078 991 3168 suppliciis
1007 3080 1214 3168 adplecatam
1235 3082 1306 3146 sine
1320 3107 1379 3171 spe
1396 3107 1490 3172 prae-

374 3183 478 3250 sentis
492 3182 577 3248 vitae
589 3180 749 3270 torqueri.
769 3181 858 3264 Quid
874 3180 1036 3270 plurima?
1051 3184 1131 3248 Post
1146 3184 1264 3250 multas
1280 3184 1488 3275 questiones,

373 3299 450 3376 post
465 3284 582 3350 ablatis
603 3297 810 3350 terrenarum
835 3283 1030 3350 diviciarum
1049 3287 1242 3368 thesauros,
1270 3312 1344 3352 cum
1364 3289 1404 3352 ad
1424 3290 1490 3354 hoc

372 3387 480 3479 frangi
500 3411 567 3451 non
587 3385 709 3475 possit,
726 3400 764 3452 ut
779 3389 908 3452 beatam
929 3387 1099 3452 scinderet
1114 3389 1327 3472 Trinitatem,
1349 3391 1388 3455 ad
1406 3393 1489 3479 bap-

374 3490 542 3558 tizandum
557 3488 659 3554 invita
670 3489 857 3556 deducitur.
879 3493 1028 3579 Cumque
1048 3490 1083 3555 in
1103 3491 1185 3558 illud
1206 3518 1384 3560 caenosum
1400 3494 1489 3560 lava·
1505 3521 1535 3559 ao

374 3617 465 3658 crum
479 3589 510 3655 vi
534 3604 710 3681 cogeretur
731 3591 873 3682 inmergi
900 3616 936 3657 ac
956 3592 1203 3682 proclamaret:
1227 3622 1243 3658 u
1263 3599 1395 3662 Patrem
1413 3619 1489 3661 cum

373 3695 458 3761 Filio
476 3716 513 3758 ac
535 3691 698 3782 Spiritum
718 3706 868 3758 sanctum
885 3691 982 3758 unius
1001 3695 1102 3759 credo
1120 3721 1194 3761 esse
1209 3697 1452 3780 snbsta[n]tiae;
1469 3726 1488 3762 »

373 3822 458 3887 quae
473 3796 580 3880 dicto,
603 3818 687 3885 aqua
706 3795 866 3886 sanguine
887 3809 1006 3862 cuncta
1024 3795 1156 3877 infecit,
1178 3798 1212 3863 id
1233 3812 1284 3864 est
1303 3799 1392 3865 fluxu
1405 3783 1489 3865 'ven-

374 3898 433 3963 tris
459 3896 611 3987 aspersit.
640 3897 768 3963 Exhinc
795 3899 835 3962 ad
860 3898 1042 3988 legitimam
1067 3900 1209 3965 deducta
1235 3891 1487 3990 quaestionem,

374 4012 451 4091 post
479 4000 650 4078 acculeos‚
677 4013 754 4088 post
769 3999 916 4064 flammas
944 4012 977 4065 et
1002 4002 1155 4092 ungulas,
1190 4003 1323 4068 Christo
1351 4004 1534 4072 dominoas

375 4103 492 4196 capitis
523 4093 736 4169 deoccisione
764 4104 949 4169 desecatur.
984 4107 1064 4170 Post
1098 4107 1181 4171 haec
1206 4107 1490 4195 prosequentibus

374 4205 566 4270 Alamannis
587 4230 692 4295 usque
712 4206 928 4288 Traductam,
953 4208 1094 4274 transito
1116 4232 1222 4288 marc,
1248 4209 1403 4278 Wandali
1429 4235 1491 4300 per

374 4320 475 4378 totam
492 4307 635 4373 Africam
649 4333 686 4373 ac
702 4308 932 4374 Mauritaniam
952 4322 1028 4375 sunt
1043 4310 1197 4400 dispersi.
