3238 5140
446 469 610 519 IIISTORIAE
628 467 827 518 FRANCORUIII
845 469 978 518 LIBERI.
1263 469 1277 512 5

164 585 427 674 omnipotentia,
447 588 753 674 consempiternum
778 609 850 650 esse
875 585 1020 650 essentia
1042 596 1076 649 et
1097 607 1275 673 numquam

164 691 235 754 siue
253 693 349 755 Patre
366 689 467 754 fuisse
490 689 542 754 vel
562 687 664 766 Filio,
689 711 797 777 neque
817 687 979 752 minorem
1000 686 1090 753 Patri
1107 687 1158 751 vel
1178 686 1273 750 Filio.

164 793 273 858 Credo
292 792 379 856 hanc
405 789 601 858 Trinitatem
628 803 775 854 sanctam
801 788 835 853 in
859 788 1076 853 distinetione
1096 787 1277 852 subsistere

162 919 403 982 personarum,
442 907 475 960 et
503 894 565 958 alia
597 892 731 981 quidem
762 916 904 980 persona
937 893 1065 971 Patris,
1100 890 1163 956 alia
1193 889 1275 969 Fili,

130 997 244 1062 salia¹
277 997 423 1086 Spiritus
450 997 566 1061 sancti.
599 998 637 1060 In
669 1019 733 1085 qua
766 993 928 1060 'Irinitate
965 1019 1063 1059 unam
1093 992 1276 1070 Deitatem,

162 1123 262 1164 unam
283 1099 487 1188 potentiam,
523 1123 622 1164 unam
650 1096 828 1162 essentiam
858 1121 931 1161 esse
963 1097 1135 1162 confiteor.
1169 1095 1277 1160 Credo

162 1203 259 1266 beata
287 1201 423 1279 Marial,
454 1213 491 1266 ut
522 1203 686 1292 virginem
713 1211 955 1287 antepartum,
985 1200 1031 1264 ita
1055 1197 1219 1289 virginem
1246 1208 1281 1261 et

162 1317 241 1391 post
257 1317 400 1392 partum.
421 1304 529 1369 Credo
549 1304 690 1366 animam
705 1301 927 1378 inmortalem,
948 1326 1010 1365 neo
1025 1313 1135 1366 tamen
1151 1312 1278 1388 partem

162 1408 288 1472 habere
320 1405 472 1470 Deitatis.
499 1409 548 1470 'Et
579 1405 690 1468 omnia
722 1428 806 1494 quae
842 1428 860 1467 a
891 1405 1080 1471 CCCXVIII
1112 1402 1279 1492 episeopis

119 1535 146 1573 το
162 1509 317 1576 Nicenae'
330 1509 484 1573 instituta
508 1520 585 1572 sunt
612 1507 711 1571 credo
730 1506 883 1572 fideliter.
905 1509 955 1571 De
971 1505 1036 1569 fine
1059 1529 1137 1570 vero
1165 1505 1278 1570 mundi

162 1635 200 1676 ea
218 1609 327 1674 sentio
343 1635 427 1700 quae
446 1633 464 1674 a
486 1610 654 1698 prioribus
673 1607 789 1689 didici,
816 1609 983 1674 Neronem
1014 1608 1069 1672 et3
1101 1605 1279 1672 Autechri·

163 1726 250 1778 stum
293 1713 385 1802 prius
419 1737 492 1777 esse
523 1723 722 1790 venturum,
759 1762 879 1776 .......
892 1710 1000 1789 iubet,
1046 1708 1279 1774 Anteohristus

161 1815 271 1880 vero4
314 1813 457 1904 primum
505 1813 794 1878 circumcisionem
839 1813 987 1893 inducit,
1040 1837 1074 1877 se
1128 1835 1280 1875 asserens

164 1917 350 1999 Christum,
377 1918 499 1982 deinde
525 1915 560 1979 in
585 1915 746 2004 templum
772 1915 1001 1980 Hierusclimis
1028 1927 1168 1980 statuam
1189 1938 1280 1978 suam
1309 1977 1313 1983 ,

121 2047 148 2084 rs
164 2021 308 2086 collocat
324 2021 538 2100 adorandam,
554 2019 639 2083 sicut
656 2019 835 2084 Dominum
850 2019 974 2084 dixisse
989 2019 1130 2110 legimus
1144 2044 1151 2083 ε
1165 2017 1179 2108 {l
1193 2019 1279 2084 Vide·
1290 2035 1345 2082 Fol.
1359 2036 1373 2082 4
1388 2043 1421 2080 vr.

162 2125 236 2188 bats
261 2125 539 2187 aluminationem
566 2123 777 2186 desolationis
804 2137 943 2186 stantem
971 2127 1005 2185 in
1027 2122 1096 2186 loeo
1126 2121 1277 2185 sanct05.

71 2307 75 2316 Ι
163 2226 230 2292 Sed
241 2226 284 2290 de
302 2225 390 2290 diem
405 2224 517 2289 illam6
530 2225 686 2289 omnibus
702 2222 894 2289 homiuibus
908 2226 980 2312 ipse
996 2224 1158 2288 Dominus
1174 2223 1279 2287 maui-

162 2329 272 2406 lestat,
295 2325 411 2391 dicens
434 2353 440 2390 :
466 2328 515 2390 De
532 2327 583 2390 dic
603 2340 712 2390 autem
733 2326 792 2391 illa
814 2340 845 2390 et
867 2327 950 2390 bora
973 2351 1066 2390 nemo
1084 2331 1158 2406 seit,
1177 2349 1280 2414 neque

163 2430 272 2519 angeli
289 2428 454 2492 caelorum
473 2454 576 2518 neque
591 2429 700 2513 filius,
728 2435 793 2493 nisi
807 2431 910 2492 Pater
926 2429 1015 2494 solas
1029 2429 1052 2492 7.
1081 2427 1148 2494 Sed
1173 2439 1205 2492 et
1224 2425 1279 2491 hic

118 2557 146 2595 20
162 2531 440 2621 respondebimus
460 2530 635 2613 hereticis,
667 2530 722 2621 qui
750 2556 811 2595 nos
841 2530 1045 2622 inpugnant,
1071 2541 1276 2608 asserentes,

164 2634 326 2698 minorem
343 2634 415 2698 csse
433 2633 554 2698 Filium
570 2634 671 2714 Patri,
690 2632 746 2722 qui
759 2635 845 2698 hanc
864 2632 952 2697 diem
969 2635 1112 2724 ignoret.
1132 2633 1279 2722 Cognos-

164 2750 240 2802 cant
267 2761 346 2826 ergo
370 2738 459 2801 hunc
488 2735 591 2800 filium
616 2737 834 2800 christianum
855 2736 1016 2824 populum
1033 2747 1276 2824 nuncopatum‚

163 2840 204 2904 de
224 2862 291 2926 quo
314 2861 332 2901 a
352 2841 422 2903 Deo
450 2836 655 2925 praedicitur
682 2863 688 2900 ι
717 2839 789 2926 Ego
810 2863 865 2901 ero
891 2838 955 2902 illis
981 2843 1014 2901 in
1031 2852 1143 2927 patre,
1165 2851 1195 2899 et
1218 2842 1280 2925 ipsi

163 2954 258 3005 erunt
282 2941 363 3004 milri
383 2945 414 3004 in
427 2939 516 3025 filios
529 2939 551 3004 ⁸.
578 2938 612 3004 Si
631 2941 717 3003 enim
734 2942 816 3006 haec
831 2941 872 3005 de
889 2939 1065 3030 unigenito
1081 2937 1167 3006 Filio
1182 2961 1278 3027 prae-

121 3069 149 3107 re
164 3042 314 3122 dixisset,
334 3065 512 3131 numquam
533 3043 562 3106 ei
582 3042 717 3131 angelos
739 3044 998 3132 praeposuisset.
1023 3044 1078 3108 Sic
1099 3039 1186 3107 enim
1207 3039 1275 3104 ait:

163 3148 276 3237 Neque
296 3146 406 3235 angeli
424 3146 589 3209 caelorum
608 3170 710 3234 neque
731 3145 839 3230 filius;
862 3145 1043 3211 ostendens
1060 3168 1128 3208 non
1148 3143 1189 3208 de
1207 3143 1277 3208 uni·

163 3248 291 3340 genito,
313 3248 371 3312 sed
386 3249 428 3312 de
450 3246 639 3337 adoptativo
659 3247 785 3336 populo
803 3248 885 3312 haec
906 3246 1040 3312 dixisse.
1063 3243 1283 3336 Nosterlvero¹

164 3351 246 3416 fines
270 3350 342 3440 ipse
364 3349 516 3416 Christus
544 3361 610 3429 est,
638 3350 694 3439 qui
722 3348 819 3414 nobis
847 3351 948 3414 vitam
975 3362 1163 3428 aeternam,
1190 3347 1216 3413 si
1238 3347 1278 3412 ad

163 3478 238 3519 eum
259 3451 410 3518 conversi
426 3453 597 3530 fuerimus,
617 3451 709 3541 larga
726 3449 933 3541 benignitate
949 3449 1142 3540 praestabit.

120 3582 150 3620 ao
208 3558 257 3620 De
285 3553 520 3643 suppotatione
547 3577 625 3618 vero
650 3551 749 3618 huius
768 3552 882 3617 mundi
913 3551 1084 3617 evidenter
1101 3552 1278 3617 chronicae

166 3657 301 3724 Eusebii
344 3656 582 3746 Caesarienllsis
621 3654 769 3744 episcopi
812 3679 849 3720 ae
882 3655 1065 3720 Hieronimi
1098 3655 1375 3744 presbiterium.

165 3760 412 3850 proloquuntur
424 3761 631 3824 strationem
650 3759 691 3823 de
711 3757 801 3823 omni
817 3782 978 3823 annorum
994 3757 1098 3822 seriae
1113 3758 1274 3846 pandunt.

164 3867 248 3930 Nam
279 3876 313 3927 et
341 3861 492 3942 Orosius,
530 3861 787 3952 diligentissime
812 3862 893 3927 haec
926 3859 1112 3954 inquirens,
1147 3885 1278 3925 omnem

197 4085 218 4134 1.
234 4088 305 4134 Corr.
320 4084 398 4134 aliam
410 4113 442 4121 -
453 4100 592 4148 personam
604 4112 635 4120 -
646 4085 726 4132 aliam
737 4111 768 4120 —
780 4083 866 4131 aliam.
879 4111 911 4119 -
923 4085 944 4130 2,
961 4087 1030 4131 Corr.
1046 4083 1150 4130 beatam
1161 4083 1278 4130 MarIam.

166 4175 196 4183 —
208 4150 230 4195 3.
241 4149 369 4194 Neronem
380 4153 405 4196 et
417 4147 546 4195 abrasum.
559 4174 591 4182 -
602 4148 625 4194 4.
638 4151 693 4194 Duo
706 4147 781 4194 verba
793 4151 816 4193 et
829 4146 909 4202 iubet,
922 4146 1102 4193 Antcchristus
1112 4161 1173 4192 vero
1185 4145 1281 4192 abrasa

163 4216 221 4274 post
236 4215 387 4266 venturum,
400 4209 472 4272 cujus
489 4208 593 4256 ultimae
609 4209 709 4258 litterae
727 4226 772 4257 um
786 4209 897 4256 secunda
912 4224 989 4255 manu
1006 4206 1114 4270 scriptae
1130 4211 1202 4262 sun&
1219 4223 1281 4254 vero

167 4288 230 4380 {m
243 4272 304 4382 god.
322 4276 392 4382 -15.
409 4272 499 4320 Marta.
520 4274 558 4327 24,
577 4274 615 4320 15.
634 4299 664 4308 -
689 4275 711 4320 6.
728 4275 799 4322 Corr.
815 4270 856 4319 die
873 4271 929 4319 illu.
946 4299 977 4307 -
998 4272 1020 4317 7.
1038 4271 1117 4318 Marc.
1138 4271 1175 4326 13,
1196 4270 1233 4317 32.
1251 4297 1281 4306 -

185 4370 190 4382 .
206 4337 228 4383 2.
264 4351 301 4383 or.
313 4337 336 4390 6,
368 4336 390 4383 8,
