3256 5144
409 444 574 496 liiS'l'OiliAE
591 443 792 498 FRANCORUM
809 445 906 498 tmen
923 447 951 495 V.
1203 447 1246 496 tet

124 576 281 643 atteram,
299 575 336 631 ut
351 563 474 654 dignus
494 562 551 629 liat
570 575 680 629 asatro
696 563 790 628 iocus
812 562 880 629 iiie.
905 589 922 626 n
950 561 1088 632 Interim
1113 562 1247 635 advenit

124 666 195 734 dies
218 679 353 733 sanctus
382 665 590 756 ephit'aaiae3
618 678 651 731 et
682 665 737 732 hie
766 667 872 756 magis
896 689 934 732 ac
955 665 1061 758 magis
1087 678 1246 757 torquere

125 771 246 860 coepit.
273 773 367 838 Tunc
385 773 523 860 accepto
553 793 569 834 a
596 767 664 834 suis
691 769 852 850 consilio,
880 781 1180 850 amne'transacto,
1204 770 1246 838 ad

124 873 290 939 civitatem
325 871 465 938 accedit.
502 871 656 962 Denique
688 896 762 939 eum
795 873 978 964 psallentes
1013 873 1054 940 de
1091 872 1245 942 eclesiam

91 1002 106 1038 s
123 975 251 1066 egressi
269 975 310 1041 ad
337 973 509 1042 basilicam
528 987 676 1040 sanctam
692 988 925 1065 properarent,
940 973 996 1042 hio
1010 987 1243 1066 postoruoem,

122 1077 397 1168 praecidentibus
417 1077 540 1170 siguis,
571 1101 657 1166 equo
686 1077 899 1169 superposito
923 1077 1102 1146 ferebatur.
1123 1081 1245 1148 Verum

122 1183 181 1249 ubi
200 1179 373 1246 basilicam
390 1192 537 1246 sanctam
555 1179 685 1257 introit,
701 1181 877 1246 moxluror
888 1179 1046 1247 minantis
1062 1181 1243 1272 intrepuit;

122 1308 364 1376 regressusque
381 1284 422 1349 ab
440 1282 575 1361 eclesia,
591 1281 605 1373 ΙΙ
623 1281 705 1350 nihil
724 1283 799 1372 cybi
818 1306 858 1348 eo
875 1281 930 1350 die
946 1276 1106 1374 recepere
1122 1283 1242 1374 potuit.
1256 1293 1310 1344 Fet.
1323 1298 1398 1348 ere.

121 1387 252 1456 Exinde
277 1411 352 1454 cum
374 1386 469 1452 vaide
492 1387 603 1452 nulius
624 1399 730 1466 esset,
753 1388 895 1454 Pectavo
916 1385 1008 1454 abiit.
1031 1389 1135 1454 Erant
1158 1388 1246 1454 enirn

81 1516 106 1556 so
122 1489 197 1556 dies
227 1502 361 1555 sanctae
388 1489 703 1580 quadragensimae,
733 1489 768 1555 in
796 1513 859 1578 qua
885 1489 992 1558 foetus
1018 1487 1246 1558 cuniculorum

122 1616 224 1682 saepe
258 1591 415 1660 eomedit.
452 1589 633 1681 Dispositis
667 1615 746 1656 vero
775 1590 984 1670 actionibus,
1024 1589 1146 1682 quibus
1177 1591 1242 1660 kal.

122 1694 261 1761 Martias
282 1693 370 1760 cives
389 1697 550 1762 Pectavus
565 1693 616 1760 vel
633 1692 809 1785 adfligeret
826 1694 878 1760 vei
899 1694 1088 1774 damnaret,
1107 1691 1121 1786 ΙΙ
1136 1693 1245 1788 pridie
1256 1707 1311 1756 col.
1325 1709 1378 1758 aee.

123 1798 268 1864 animaru
289 1795 457 1876 reddidit3
472 1806 506 1863 ct
530 1795 577 1862 sic
594 1795 751 1886 superbia
769 1807 946 1887 tumorque
964 1794 1100 1886 quievit.

156 1996 178 2041 it.
196 1991 233 2040 Eo
244 1997 362 2065 tempore
373 1991 445 2040 Felix
453 1991 620 2040 Namneticae
632 1990 706 2040 urbis
719 1991 858 2056 epiecopus
873 1991 975 2040 litteras
988 1991 1053 2042 mibi
1068 1993 1175 2058 scripsit
1188 1995 1245 2059 pie-

79 2057 105 2096 ts
121 2070 172 2104 nas
183 2053 345 2118 obprobriis.
365 2053 482 2102 scribens
503 2054 583 2102 etiam
596 2055 703 2102 tratrem
716 2069 802 2102 meum
814 2055 848 2103 ob
860 2054 909 2102 boc
927 2053 1107 2112 interiectum.
1128 2071 1158 2106 eo
1194 2057 1245 2108 uod

121 2117 180 2180 ipse
190 2117 301 2180 cupidus
316 2116 461 2180 episcopati
475 2116 626 2180 episcopum
637 2116 819 2166 interfecisset.
829 2116 879 2166 Sed
890 2123 919 2165 ut
930 2117 993 2166 baec
1006 2117 1140 2176 scriberet,
1154 2073 1246 2170 villam

120 2179 247 2228 eeclesiae
259 2179 417 2252 concupivit.
431 2177 516 2235 Quam
526 2195 583 2226 cum
601 2178 663 2228 dere
679 2179 789 2234 nollem.
806 2180 903 2228 evomit
919 2180 945 2228 in
959 2195 1014 2236 me,
1027 2187 1056 2230 ut
1070 2179 1136 2236 dixi.
1170 2181 1244 2232 lenus

121 2243 210 2290 surore
222 2240 364 2305 obprobria
372 2240 451 2290 mille.
459 2240 505 2290 Cui
513 2241 548 2290 aii
569 2241 709 2304 uandoego
715 2240 837 2305 respondi
845 2257 851 2290 ι
860 2242 1005 2292 aldemento
1015 2197 1242 2307 dictipropbetici:

126 2307 176 2352 Vae
189 2303 229 2352 itis
242 2304 286 2368 qui
296 2303 403 2365 iungunt
414 2303 516 2352 domum
529 2258 567 2350 ad
574 2303 676 2350 doniam
686 2309 710 2352 et
727 2321 818 2368 egram
830 2303 867 2352 ad
876 2303 1110 2368 agrumcepulant!
1121 2305 1245 2370 Nunqus'd

75 2371 104 2409 ²⁰
119 2365 171 2414 soii
188 2365 369 2414 irrisis'tcbirnt
381 2371 494 2414 terram?
504 2366 512 2402 ¹
523 2366 544 2414 0
558 2366 579 2412 si
592 2372 616 2414 te
628 2366 764 2414 habuisset
775 2366 892 2416 Massilia
906 2367 1080 2416 sacerdotem!
1096 2369 1244 2432 Numquam

119 2445 201 2478 neves
210 2429 398 2478 oleumautreii
421 2445 467 2477 uas
476 2428 575 2492 species
584 2427 747 2482 detulissent.
757 2428 806 2476 nisi
820 2435 920 2478 cartam
932 2436 1042 2486 tantum.
1054 2445 1105 2494 quo
1118 2431 1243 2482 maiorem

119 2491 344 2556 opportunitatem
356 2445 484 2540 scribendi
494 2491 527 2542 ad
535 2491 617 2540 honos
629 2490 794 2540 infamandos
807 2491 926 2541 haberes.
940 2491 990 2542 Sed
1000 2499 1142 2559 paupertas
1155 2499 1242 2552 cartae

120 2555 199 2602 finem
211 2555 314 2618 inponit
330 2553 489 2603 verbositati.
504 2571 516 2600 n
530 2555 665 2602 inmensae
683 2554 752 2602 euim
764 2560 820 2602 erat
831 2553 983 2618 cupiditatis
1000 2561 1078 2618 etque
1094 2554 1240 2606 iactantiae.

120 2615 172 2664 Sed
186 2633 234 2680 ego
247 2617 298 2664 ista
311 2623 484 2680 postponens.
499 2632 531 2664 ne
543 2616 582 2665 iili
595 2615 689 2665 similis
707 2632 858 2680 appaream,
878 2615 943 2665 iilud
962 2616 1111 2682 explicabo.
1130 2617 1243 2682 qualiter

74 2684 104 2724 25
120 2695 262 2742 germanus
276 2695 347 2726 meus
366 2679 399 2727 ab
416 2679 465 2726 hac
477 2679 534 2727 luce
554 2678 720 2741 migraverit,
741 2685 767 2728 et
785 2694 864 2743 quarn
876 2678 990 2728 velocem
1012 2680 1039 2728 in
1061 2693 1242 2743 percussorem

120 2742 176 2789 eius
199 2742 323 2790 Dominus
343 2741 504 2805 praestiterit
527 2741 662 2789 ultionem.
686 2740 890 2790 Consenescente
912 2740 1019 2806 [eutem]
1040 2741 1116 2792 beate
1140 2741 1241 2792 Tetrico

119 2805 246 2852 ecciesiae
255 2804 411 2866 Lingonicus
420 2803 562 2858 sacerdote,
573 2819 631 2852 cum
641 2803 784 2866 Lampadio
794 2803 871 2860 diac..
883 2819 960 2868 quem
970 2804 1126 2854 creditorem
1134 2803 1240 2862 habuit,

120 2865 251 2921 deicisset,
262 2873 287 2914 et
301 2868 380 2916 irater
393 2882 474 2922 meus,
488 2865 552 2914 dum
565 2865 733 2928 pauperihus,
747 2883 812 2929 quos
822 2866 867 2914 iiie
878 2866 945 2915 male
958 2866 1143 2930 expoliaverat.
1157 2867 1241 2930 opitu·

120 2930 174 2978 lere
193 2929 311 2992 cupiens,
332 2929 506 2976 consensisset
527 2927 554 2976 in
576 2928 632 2976 eius
654 2928 869 2984 humiliationem,
892 2928 980 2978 odium
1000 2945 1031 2978 ex
1050 2929 1099 2978 boc
1121 2929 1239 2978 incurrit.

74 2997 103 3034 3⁰
119 2992 221 3040 Interea
239 2991 332 3040 heatus
351 2991 468 3039 Tetricus
489 3007 503 3038 a
528 2991 654 3054 sanguine
674 2989 813 3038 sauciatur.
836 2990 882 3040 Cui
904 3007 963 3040 cum
984 2991 1057 3040 nulla
1081 2991 1241 3042 medicorum

120 3055 234 3102 tomenta
245 3054 370 3108 vaierent,
384 3051 530 3102 conturbati
544 3053 630 3100 clerici
644 3059 669 3101 et
681 3069 696 3102 o
707 3060 813 3115 pastore
825 3059 915 3126 utpote
925 3053 1053 3110 destituti·
1063 3053 1241 3104 Mondericum

119 3123 251 3180 expetunt.
270 3115 319 3172 Qui
340 3133 355 3164 a
371 3131 432 3178 rege
454 3115 571 3163 indultus
588 3131 618 3164 ac
638 3121 801 3171 tonsoratus,
822 3131 961 3178 episcopus
978 3115 1123 3170 ordinatur,
1144 3115 1193 3164 sub
1210 3133 1241 3166 ee

120 3179 215 3242 specie,
241 3184 278 3232 ut,
301 3178 364 3233 dum
385 3179 477 3226 heatus
501 3177 619 3226 Tetricus
638 3177 744 3232 viveret,
771 3177 813 3225 hic
831 3177 1053 3228 Ternodoreneem
1073 3183 1187 3228 castrum
1211 3183 1240 3228 ut

119 3241 325 3304 archipresbiter
342 3240 439 3303 regerit
449 3246 525 3304 atque
538 3241 564 3287 in
574 3256 604 3288 eo
614 3245 828 3296 commoraretur,
842 3240 971 3302 migrante
987 3243 997 3300 11
1013 3255 1074 3288 vero
1089 3240 1238 3296 decessore,
1250 3241 1306 3292 Coi.
1320 3245 1372 3290 207.

73 3310 102 3346 :35
118 3303 167 3351 iste
181 3303 338 3352 succederet.
353 3305 380 3350 in
394 3319 445 3367 quo
455 3309 541 3350 castro
554 3303 616 3350 dum
627 3303 765 3357 habitaret,
779 3303 846 3350 iram
856 3302 925 3365 regis
936 3302 1053 3350 incurrit.
1064 3302 1240 3351 Adserebatur

118 3367 188 3416 cuim
205 3373 296 3414 contra
311 3381 384 3421 eum,
403 3365 471 3429 quod
489 3365 545 3429 ipse
565 3365 696 3428 Sigiberto
714 3365 769 3430 regi
788 3365 914 3413 adversus
935 3366 1043 3414 tratrem
1060 3382 1137 3414 seusu
1160 3365 1240 3414 Gunt-

117 3429 274 3478 chramnum
285 3427 397 3476 venienti
410 3428 533 3476 alimenta
543 3434 568 3475 et
578 3443 686 3476 munera
696 3427 869 3492 praebuisset.
884 3426 1106 3490 igiturextractus
1117 3443 1133 3476 a
1142 3434 1237 3488 castro,

117 3491 143 3538 in
154 3491 232 3541 exilio
243 3507 322 3555 super
333 3491 417 3556 ripam
431 3490 548 3539 Rhodani
560 3490 586 3536 in
599 3491 665 3539 turri
696 3489 792 3538 uadum
804 3496 862 3538 arta
874 3496 951 3554 utque
964 3488 1064 3538 detecta
1077 3490 1237 3548 retruditur;

117 3553 143 3602 in
154 3570 206 3618 qua
218 3569 265 3617 per
276 3553 341 3601 duos
361 3555 413 3601 iere
433 3568 514 3600 annos
533 3569 592 3600 curu
609 3507 703 3615 grandi
719 3552 789 3600 exitu
805 3559 993 3610 commoratus,
1018 3552 1150 3616 optinente
1163 3552 1239 3602 bento

73 3626 101 3664 tu
118 3616 216 3664 Nicetio
227 3616 358 3680 episcopo.
371 3615 496 3678 Lugduna
509 3615 669 3678 regreditur:
684 3614 863 3678 habitavitque
876 3631 935 3662 cum
947 3630 977 3662 eo
989 3629 1036 3678 per
1046 3614 1112 3663 duos
1127 3630 1237 3678 menses.

119 3679 168 3726 Sed
179 3695 238 3726 curn
251 3678 368 3726 obtinere
381 3693 431 3725 non
442 3684 532 3741 posset
544 3693 595 3725 are
616 3693 638 3730 e,
649 3683 678 3724 ut
691 3677 715 3724 in
726 3677 792 3734 loco,
803 3677 871 3724 unde
882 3676 996 3726 deiectus
1010 3678 1103 3732 fuerat,
1116 3678 1239 3726 restitue-

118 3749 198 3796 retur,
213 3747 287 3790 nocte
300 3756 347 3804 per
360 3742 449 3804 iugum
462 3740 566 3805 lapsus.
578 3693 615 3802 ad
625 3739 748 3802 sigiberti
760 3755 870 3848 reqnum
880 3738 1033 3850 pertransiit
1044 3745 1070 3788 et
1082 3737 1151 3803 apud
1160 3739 1240 3788 hrisi·

118 3805 213 3850 tensim
226 3803 312 3850 vicum
324 3802 463 3866 episcopus
474 3802 633 3855 instituetur,
647 3801 746 3849 hebens
760 3819 791 3849 su
823 3817 849 3850 se
863 3818 880 3866 p
894 3819 923 3849 ue
937 3802 1022 3849 minus
1032 3801 1149 3850 dioceses
1161 3802 1239 3866 quiu-

118 3865 210 3923 dceim,
224 3882 289 3930 quas
298 3866 413 3928 primum
423 3865 528 3929 quidem
541 3864 617 3913 Gothi
626 3870 770 3920 tenuerant,
780 3880 848 3912 nunc
861 3880 922 3912 vero
932 3863 1077 3912 Dalmatius
1084 3864 1238 3912 Rutenonsis

72 3943 102 3980 ⁴5
118 3929 258 3992 episcopus
270 3927 375 3976 iudicat.
393 3927 449 3984 Quo
461 3927 584 3982 abeunte,
604 3927 700 3974 iterum
721 3926 853 3989 hingonici
872 3927 1041 3981 Silvestrum.
1061 3927 1239 3990 propinquum

118 3991 159 4039 vei
179 3997 298 4038 nostrum
317 3989 358 4037 vci
376 3989 444 4038 beati
469 3989 579 4043 Tetrici,
600 4005 612 4036 e
634 3989 751 4052 iscopum
765 3995 894 4052 expetunt.
912 3989 963 4038 Sed
979 3995 1008 4036 ut
1026 4004 1086 4036 eum
1108 3995 1237 4050 peterent,

119 4053 208 4102 fratris
221 4052 270 4100 mei
282 4053 330 4100 hoc
342 4051 467 4100 instinctu
480 4053 603 4099 iecerunt.
615 4005 724 4108 lhterea,
736 4057 886 4100 transeunte
897 4051 972 4100 bento
985 4051 1095 4104 Tetrico,
1104 4051 1155 4108 hir,
1164 4057 1239 4100 tonso

117 4116 211 4179 capite,
226 4115 356 4174 presbiter
374 4114 518 4168 ordinatur,
537 4119 642 4177 accepta
660 4113 729 4162 omni
749 4119 878 4177 potestate
897 4113 1022 4162 derebus
1041 4113 1173 4162 ecciesiae.
1189 4112 1238 4170 Qui

117 4193 187 4236 vero,
204 4184 233 4228 ut
244 4175 451 4227 benedictionem
460 4176 637 4243 episcopalem
653 4174 777 4242 Lugdunc
790 4175 916 4242 accipiat,
929 4176 980 4228 iter
991 4182 1076 4244 parat.
1093 4173 1164 4234 Quae
1177 4175 1239 4226 dura

149 4371 172 4422 l.
191 4370 253 4418 lsai.
265 4373 293 4428 5,
304 4371 327 4418 8.
