3226 5156
321 433 365 480 *lae
602 431 758 481 GREGORH
776 427 982 478 TURONENSIS
1000 430 1151 482 Erlscom

295 591 298 598 ·
320 547 407 612 stilla
418 591 429 626 ‚-
443 569 540 636 quam
558 547 693 635 quidam
709 545 854 612 comiten
870 559 1007 625 vocant,
1030 547 1158 616 radium
1178 559 1344 637 tamquam
1361 550 1434 639 gla-

320 649 409 714 dium
430 651 577 728 habens,
608 671 709 737 super
735 647 905 738 regionem
922 647 1013 713 illam
1037 673 1239 737 perannum
1265 648 1435 741 integrum

319 751 488 842 apparuit,
509 763 541 816 et
564 751 691 816 caelum
717 752 836 816 ardere.
855 751 960 816 visum
986 764 1053 830 est,
1079 752 1235 821 etmulta
1251 752 1315 820 alia
1339 755 1436 845 signe

284 907 287 915 .
319 861 552 944 apparuerunt.
578 857 616 918 ln
636 853 756 920 eclesia
773 879 852 918 vero
869 853 1033 935 Arverna,
1059 854 1137 919 dum
1158 854 1338 921 matutinae
1359 881 1434 921 cae-

318 957 528 1050 lebrarentur
540 955 676 1056 vvigiliae
696 955 730 1020 in
750 956 892 1047 quadam
913 955 1109 1035 festivitate,
1126 958 1204 1020 avis
1227 957 1465 1039 coredallus,5

318 1083 415 1148 quarn
437 1057 591 1122 alaudam·
612 1082 787 1152 vocamus,
810 1059 980 1148 ingressa,
1015 1059 1127 1124 omnia
1151 1058 1326 1124 luminaria
1350 1085 1435 1150 quae

317 1162 494 1241 lucebant,
515 1158 574 1223 alis
594 1155 826 1249 superpositis,
846 1160 881 1223 in
901 1172 993 1224 tanta
1007 1159 1183 1225 velocitate
1201 1162 1437 1252 extinguit,·u·t

317 1277 464 1353 putares,
499 1287 535 1327 ea
570 1262 604 1327 in
630 1261 729 1328 unius
756 1263 902 1328 hominis
934 1287 1032 1327 manu
1059 1263 1168 1351 posita
1197 1289 1300 1354 aquae
1327 1265 1447 1331 fuisse·

317 1369 503 1444 submersa;
523 1363 558 1429 in
577 1366 720 1432 sacrario
746 1379 855 1431 autem
873 1367 933 1431 sub
952 1365 1030 1439 velo·
1049 1365 1216 1432 transiens
1232 1365 1433 1434 cicindelum

316 1473 510 1561 extinguere
531 1467 654 1548 voluit3
685 1469 743 1534 sed
776 1472 816 1534 ab
837 1469 982 1556 ostiariis
1005 1469 1176 1557 prohibita
1198 1483 1297 1560 atque
1311 1472 1478 1538 :occisam

316 1586 376 1638 est.
412 1568 573 1638 Similiter
604 1584 636 1635 et
667 1570 701 1635 in
731 1571 869 1637 basilica
896 1571 984 1636 beati
1004 1571 1182 1637 andraeae
1216 1573 1258 1637 de
1287 1571 1432 1663 lichynis

314 1673 503 1740 lucentibus
526 1672 593 1737 avis
612 1673 675 1738 alia
692 1675 780 1739 fecit.
811 1677 883 1738 lam*
900 1700 979 1739 vero
1004 1674 1201 1740 adveniente
1222 1673 1294 1765 ipsa
1319 1677 1436 1756 clade,

314 1790 405 1843 tauta
423 1789 550 1867 strages
570 1776 611 1840 de
632 1776 831 1865 populo'per
845 1789 948 1842 totam
967 1777 1139 1868 regionem
1158 1777 1248 1842 illam
1266 1780 1351 1843 facta
1367 1793 1429 1858 est,

314 1894 351 1946 ut
364 1905 425 1945 nec
444 1902 617 1943 numerare
627 1877 746 1966 possit,
762 1891 905 1967 quantae
923 1877 1049 1944 ibidem
1066 1879 1251 1945 ceciderint
1265 1881 1436 1972 legiones„

313 1985 396 2049 Nam
416 2004 490 2047 cum
510 1981 575 2074 iam
590 1981 752 2072 sarcofagi
773 1994 827 2046 aut
847 1982 980 2047 tabulae
1002 1981 1214 2062 definissent,
1240 1983 1356 2048 decem
1375 1997 1430 2050 arrt
1446 2008 1475 2050 15

314 2111 353 2150 eo
371 2082 512 2172 amplius
535 2081 570 2145 in
594 2106 693 2146 unam
713 2081 805 2147 humi
825 2084 946 2148 fossam
968 2081 1229 2172 sepeliebantur.
1257 2085 1436 2150 Numerati·

314 2200 391 2252 sunt
406 2198 515 2250 autem
536 2180 677 2274 quadam
699 2184 900 2250 dominicam
920 2185 955 2249 in
968 2195 1082 2250 ‘unam
1095 2187 1184 2251 beati
1205 2188 1296 2254 Petri
1314 2187 1429 2252 basili-

194 2306 247 2356 Fol.
263 2311 299 2356 53.
313 2315 384 2356 cam
401 2289 414 2380 [l
431 2287 571 2352 tricenta
585 2286 820 2352 ‘defunctorum
837 2311 988 2377 corpora.
1008 2290 1088 2352 Erat
1101 2289 1189 2352 enim
1206 2301 1238 2352 et
1249 2290 1321 2376 ipsa
1332 2311 1442 2354 ‘mors'

176 2386 179 2396 ’
225 2388 230 2394 ’
314 2392 433 2456 subita.
456 2391 539 2456 Nam
560 2401 717 2452 nascente
744 2390 778 2453 in
804 2389 943 2482 inguine
971 2391 1083 2454 autin
1110 2389 1231 2455 ascella
1255 2390 1375 2455 vulnus
1394 2391 1444 2470 iu:

178 2517 232 2564 001.
247 2493 446 2564 manandum
471 2491 655 2579 serpentis,
675 2489 721 2554 ita
740 2489 1004 2556 interficiebatur
1024 2493 1124 2556 homo
1143 2489 1229 2582 illel}
1247 2513 1264 2556 a
1285 2507 1426 2575 ¹veneno,
1441 2521 1476 2560 ‘ro

312 2607 348 2659 ut
364 2593 418 2660 dic
439 2593 541 2657 altera
560 2604 616 2656 aut
636 2594 740 2656 tercia
768 2591 921 2682 spiritum
942 2591 1131 2658 exhalaret
1148 2595 1215 2660 Sed
1241 2607 1273 2658 et
1294 2620 1426 2661 sensum

309 2695 431 2761 visilia
451 2692 570 2758 veneni
591 2693 760 2758 auferebat
780 2696 821 2758 ab
841 2693 1102 2760 homine'Tunc
1119 2707 1152 2759 et
1167 2697 1248 2760 Cato
1260 2697 1441 2785 presbiter'

311 2811 460 2864 mortuus
474 2809 535 2861 est.
557 2797 640 2891 Nam
667 2819 741 2861 cum
765 2797 806 2860 de
825 2799 892 2862 ‘hac
912 2796 1006 2862 clade
1035 2797 1128 2862 multi
1161 2793 1347 2888 fugissent,
1364 2799 1432 2865 ¹ille¹

310 2914 421 2965 tamen
446 2897 605 2988 populum
624 2897 790 2986 sepeliens
811 2911 845 2962 et
867 2898 984 2963 missas
1003 2897 1143 2964 viriliter
1164 2899 1298 2982 dicens,
1329 2927 1425 2967 num-

311 2995 407 3091 quam
435 2993 476 3066 ab
505 3026 543 3097 eo
567 3001 642 3065 loco
677 2999 842 3064 discessit.
875 3001 936 3065 Hic
967 3014 1075 3065 autern
1107 2999 1274 3092 presbiter
1301 3005 1423 3069 multae
1437 3034 1472 3072 :¹5

310 3097 529 3168 humanitatis
544 3113 577 3166 et
593 3100 672 3165 satis
687 3100 829 3166 dilector
849 3126 1032 3191 pauperum
1048 3103 1128 3184 fuit;
1150 3115 1183 3168 et
1202 3105 1322 3183 credo,
1342 3107 1424 3172 haec

310 3231 408 3270 causa
434 3203 537 3286 ei‚'si
568 3203 656 3292 quid'
677 3201 852 3294 superbiae
875 3204 1010 3293 habuit,
1041 3204 1320 3273 medicamentum
1349 3209 1420 3274 fuit.

309 3307 469 3372 Cautinus
494 3320 602 3371 autem
624 3307 802 3394 episcopus
824 3332 897 3371 cum
911 3307 1049 3372 vdiversa
1073 3309 1163 3388 loca,
1186 3309 1271 3374 hanc
1295 3310 1423 3376 cladem

307 3409 448 3488 timens,
482 3408 668 3488 circuisset,
695 3407 735 3472 ad
772 3408 937 3473 civitatem
972 3433 1144 3499 regressus
1173 3423 1242 3485 est;
1277 3425 1310 3476 et
1342 3415 1425 3478 haec

308 3511 494 3592 incurrens,
517 3509 710 3601 parasciven
726 3512 734 3555 ¹
751 3511 917 3602 passionis
933 3512 1120 3578 dominicae
1138 3514 1233 3579 obiit.
1252 3517 1335 3582 Nam
1349 3516 1422 3605 ipsa
1435 3545 1471 3584 ao

307 3615 390 3678 hora
407 3626 440 3677 et
460 3611 671 3690 Thetrudius,
690 3611 913 3678 consubrinus
928 3612 1011 3692 eius,
1034 3626 1183 3678 mortuus
1200 3629 1261 3680 est.
1281 3619 1306 3681 T
1311 3641 1374 3682 unc
1392 3633 1426 3684 et

308 3717 519 3806 Lugdunum,
540 3711 689 3793 Bitorex,
712 3714 922 3780 Cabillonum
934 3728 1032 3805 atque
1044 3715 1184 3782 Divione
1201 3720 1242 3782 ab
1257 3721 1319 3784 hac
1335 3720 1424 3786 infir·

309 3819 422 3882 mitate
436 3817 531 3881 valde
542 3815 765 3906 depopulatae
787 3829 876 3883 sunt.

339 3999 377 4045 82.
390 3997 453 4045 Ernt
464 4003 525 4045 tunc
536 3996 662 4060 temporis
675 3997 745 4060 apud
755 3997 948 4047 Randenensim
968 4000 1155 4048 monasterium
1167 4002 1281 4058 civitatis
1293 4007 1425 4054 Arvernae
1437 4017 1474 4060 35

308 4060 438 4133 presbiter
451 4061 601 4124 praeclarae
618 4059 722 4108 virtutis
734 4059 851 4108 Iulianus
866 4062 982 4116 nomine,
1000 4060 1040 4110 vir
1055 4077 1165 4136 magnae
1182 4065 1367 4126 abstinentiae,
1380 4069 1424 4134 qui

307 4138 390 4186 neque
402 4139 490 4170 vinum
507 4137 589 4185 neque
605 4122 690 4169 ullum
708 4121 872 4185 pulmentum
890 4124 1021 4180 utebatur,
1042 4123 1127 4172 cilicio
1147 4127 1216 4174 omni
1236 4133 1353 4192 tempore
1375 4131 1424 4178 sub

330 4323 359 4379 '12
380 4325 449 4380 Corr'.
463 4347 631 4395 parasceven.
