3226 5156
409 408 573 494 maroam
591 407 791 460 rnaucoauu
806 407 903 460 arasa
920 407 962 459 rv.
1195 410 1239 461 10⁷
1267 374 1269 386 '

122 549 353 620 consurgens,
374 525 568 594 Veneticam
594 526 710 592 urbem
733 524 886 620 expetiit,
909 523 1025 616 ibique
1048 537 1239 621 tonsoratus

122 619 162 694 et
187 627 566 719 episcopusrordinatus
589 643 651 696 est.
675 631 808 695 Mortuo
828 641 939 695 autem
966 629 1165 709 Chonoone,
1185 628 1240 698 hic

122 733 343 822 apostatavit,
361 740 394 798 et
413 717 567 812 demissis
583 723 730 821 capillis,
750 717 903 812 uxorem,
930 733 1028 820 quam
1046 743 1122 820 post
1141 728 1239 808 cleri·

122 834 452 924 catumreliquerut,
471 843 546 899 dum
564 858 669 926 regno
689 833 798 898 fratris
814 832 920 900 ¹simul
943 833 1182 927 a'ccepit,'sed
1198 834 1240 918 ab

89 936 294 1026 aepiscopis
312 927 705 1004 'excommunicatorem
728 927 789 1002 Cui
818 935 925 1026 qualis
943 927 1043 1002 luerit
1065 935 1238 1016 interitus,

122 1051 306 1128 sequenter
320 1034 513 1108 scribimus.
535 1033 629 1120 Obiit
641 1052 751 1112 autem
768 1033 939 1106 Baudinus
950 1038 1137 1128 ,episcopus
1152 1045 1240 1106 auno

122 1154 217 1208 sexto
236 1142 450 1234 episcopatus
466 1141 528 1208 sui.
543 1145 581 1208 ln
596 1144 689 1210 cuius
705 1142 779 1210 loco
798 1139 1005 1208 Guutharius
1024 1141 1109 1205 abba
1121 1141 1240 1210 subro-

120 1235 399 1336 gatur,decimus
415 1259 584 1338 reptemus
595 1258 672 1336 post
686 1233 990 1312 'transitum'sauoti
1010 1242 1168 1311 Maroni„
1221 1301 1224 1308 ,

140 1418 177 1466 “5.
190 1413 306 1480 Denique
322 1429 382 1464 cum
402 1414 494 1463 beatus
511 1411 682 1474 Quintianus,
699 1413 766 1462 sieut
790 1429 871 1477 supra
888 1409 1013 1470 diximu's,
1034 1411 1068 1460 ab
1081 1411 1131 1462 hoe
1144 1411 1241 1460 mundo

122 1476 261 1552 migravit,
275 1481 379 1526 sanetus
393 1476 484 1526 Gallus
497 1476 524 1526 in
536 1477 591 1526 aius
602 1475 766 1542 cathedram,
783 1491 844 1540 rege
852 1473 1009 1540 opitulante,
1024 1475 1181 1540 substitutus
1191 1475 1238 1524 est

75 1547 104 1586 10
121 1540 205 1588 Huius
217 1545 336 1603 tempore
346 1555 405 1586 cum
415 1540 471 1588 lues
484 1539 618 1604 illaquam
631 1538 807 1604 inguinariam
822 1539 916 1587 vocant
924 1541 974 1602 'per
990 1537 1108 1588 diversas
1121 1537 1240 1600 regiones

121 1601 283 1661 desaeviret,
300 1607 326 1652 et
344 1602 456 1666 maxime
474 1608 535 1652 tune
556 1601 729 1650 Arelatensim
746 1601 909 1668 provinciam
931 1598 1116 1674 depopularet,
1135 1606 1240 1650 sauctus

122 1664 215 1714 Gallus
227 1680 280 1712 non
291 1669 394 1712 tentum
412 1679 461 1730 pro
477 1679 504 1712 ae
521 1670 648 1730 quantum
667 1680 716 1729 pro
728 1663 826 1740 populo
848 1679 894 1712 suo
906 1663 1025 1727 trepidus
1040 1669 1104 1711 erat.
1125 1661 1241 1727 Cumque

122 1727 164 1774 die
180 1733 311 1790 noctuque
329 1719 468 1776 Dominum
489 1727 680 1793 deprecaretur,
701 1733 730 1776 ut
746 1741 837 1775 vivens
855 1725 960 1790 plebem
981 1738 1058 1786 suem
1074 1726 1173 1788 vastari
1189 1741 1240 1773 non

121 1789 247 1848 cernerit,
286 1805 314 1838 er
328 1789 413 1838 visum
429 1789 513 1837 noctis
527 1790 650 1856 apparuit
666 1790 689 1837 ei
705 1789 814 1853 angelus
828 1787 943 1846 Domini,
961 1787 1005 1853 qui
1023 1794 1078 1837 tam
1098 1787 1241 1836 caesariem

74 1860 104 1899 15
122 1869 202 1917 quam
222 1806 334 1916 resiltem
354 1852 381 1899 in
404 1851 602 1900 similitudinem
618 1851 843 1916 nivis'candidam
860 1850 995 1910 efferebat,
1017 1857 1041 1899 et
1060 1850 1097 1900 ait
1116 1850 1149 1898 ad
1160 1866 1219 1898 eum
1233 1839 1305 1900 :0⁰¹-
1321 1839 1372 1890 1²¹5·

123 1931 136 1961 u
154 1915 224 1964 Bene
237 1913 308 1962 enim
321 1913 398 1972 iacis,
413 1930 427 1962 a
441 1915 574 1974 sacerdos,
589 1913 657 1979 quod
669 1914 706 1962 sic
718 1913 857 1964 Dominum
868 1928 916 1980 pro
928 1914 1026 1978 populo
1038 1917 1083 1961 tu'o
1096 1929 1126 1962 su
1146 1913 1239 1977 plicas.

123 1975 252 2025 lixaudita
265 1982 304 2024 eat
317 1977 385 2026 eniu'r
397 1977 481 2025 oratio
493 1983 551 2035 tue;
565 1983 590 2024 et
603 1979 660 2025 e‘oe'e
673 1975 724 2024 eris
737 1992 797 2024 cum
808 1977 906 2040 populo
922 1982 967 2024 tuo
980 1975 1013 2024 ab
1028 1975 1115 2023 bacin
1137 1975 1240 2024 rmitate

122 2040 265 2097 liberatus,
278 2039 417 2103 nullusque
433 2045 458 2087 te
470 2038 573 2088 vivente
588 2040 616 2087 in
628 2039 734 2103 regione
748 2039 799 2088 iata
811 2039 844 2086 ab
859 2039 908 2087 hac
921 2044 1009 2102 strage
1022 2038 1147 2104 deperiet.
1167 2039 1240 2086 Nunc

120 2107 210 2152 autem
222 2117 254 2150 ne
266 2101 376 2160 timeon
389 2107 450 2167 post
461 2107 518 2151 octo
534 2118 595 2152 vero
607 2117 689 2156 annos
700 2102 771 2150 time.
786 2117 799 2150 r
816 2102 890 2150 Unde
902 2101 1069 2152 manifestum
1082 2101 1143 2158 luit,
1157 2107 1241 2150 trans·

71 2180 104 2218 ρο
121 2163 187 2213 setis
197 2165 240 2212 his
253 2165 328 2212 annis
339 2179 398 2212 eum
408 2181 424 2213 a
432 2165 535 2212 saeculo
548 2165 618 2212 disee
635 2165 709 2213 sisse.
719 2165 922 2230 Expergelaetas
937 2169 1024 2212 autem
1034 2169 1059 2212 et
1071 2164 1123 2212 Deo
1159 2164 1240 2212 retias

120 2244 171 2291 pro
188 2227 238 2276 heo
255 2226 432 2275 consolatione
452 2243 545 2292 agens,
564 2181 633 2302 queri
649 2243 707 2275 eum
726 2243 774 2290 per
789 2226 928 2274 caelestem
950 2225 1070 2274 nuntium
1094 2180 1240 2274 conlortare

120 2291 247 2354 dignatus
260 2295 311 2348 est,
326 2289 475 2354 rogationes
492 2291 553 2340 illas
566 2290 693 2346 instituit,
707 2295 736 2338 ut
748 2289 834 2338 media
845 2288 1047 2354 quadragesima
1058 2288 1196 2354 psallendo
1207 2289 1240 2338 ad

120 2352 261 2403 basilicam
270 2351 340 2400 beati
351 2351 444 2399 Iuliani
456 2352 579 2418 martyris
596 2352 688 2400 itinere
704 2351 818 2416 pedestri
831 2351 956 2400 venirent.
966 2351 1036 2411 ,Sunt
1048 2357 1135 2409 autem
1150 2350 1177 2399 in
1191 2351 1240 2399 hoc

120 2415 215 2464 itinere
232 2413 409 2478 quasi'stadia
423 2416 476 2462 360.
497 2415 575 2464 Tunc.
586 2415 664 2464 etiam
683 2415 710 2462 in
728 2414 815 2463 subita
833 2413 1050 2476 contemplatione
1069 2407 1183 2477 pailetes
1198 2415 1241 2462 vel

74 2493 105 2531 25
120 2477 262 2527 domorum
273 2476 315 2525 vel
325 2476 494 2536 ecclesiarum
506 2477 606 2542 signari
617 2476 782 2534 videbantur,
793 2475 861 2526 unde
869 2474 1049 2524 arustieishie
1060 2476 1172 2540 scriptos
1184 2477 1240 2523 Tau

119 2540 275 2588 vocabatur.
290 2539 355 2587 Cum
367 2546 454 2587 autem
467 2539 586 2604 regiones
599 2539 665 2589 alias
674 2533 723 2598 ,ut
739 2539 865 2597 diximus,
883 2539 939 2586 lues
955 2535 1002 2586 illa
1018 2544 1193 2597 consumeret,
1207 2539 1240 2586 ad

118 2602 256 2652 civitatem
266 2604 421 2658 Arvernam,
437 2603 523 2652 sancti
532 2601 601 2654 Galli
610 2601 784 2654 intercedente
792 2603 922 2658 oratione,
935 2616 987 2650 non
999 2600 1095 2664 attigit.
1105 2601 1179 2652 Unde
1189 2618 1240 2664 ego

119 2679 175 2712 non
186 2681 298 2728 parvam
312 2679 406 2724 censeo
436 2665 543 2723 retiam,
564 2663 608 2734 qui
627 2666 676 2713 boc
693 2663 800 2721 meruiu
819 2670 852 2716 ut.
868 2670 959 2729 pastor
975 2662 1077 2726 positus
1098 2680 1159 2711 oves
1177 2679 1239 2711 suas

119 2725 244 2776 devorari
254 2726 406 2774 defendente
416 2681 525 2776 bomine
535 2743 586 2775 non
597 2725 706 2776 videret.
720 2727 786 2774 Cum
795 2731 880 2774 autem
889 2727 922 2774 ab
934 2725 1088 2774 boemundo
1100 2722 1241 2789 migrasset

75 2803 104 2840 ao
119 2796 148 2837 et
163 2789 270 2838 ablutus
282 2790 309 2837 in
317 2789 427 2838 ecclesia
438 2789 709 2864 deportatus-luisset,
721 2789 785 2838 Ceto
796 2790 926 2899 presbiter
938 2787 1060 2836 continuo
1070 2805 1086 2837 a
1097 2788 1240 2836 elericisde

119 2851 277 2916 episcopatu
289 2851 380 2901 laudes
393 2859 505 2916 aeceprt;
521 2859 547 2901 et
563 2868 666 2900 omnem
679 2869 735 2900 rem
752 2851 889 2909 eccesiae,
907 2858 1042 2915 tamquam
1061 2851 1083 2900 si
1101 2852 1154 2900 iam
1171 2857 1241 2899 esset

119 2914 276 2978 episeopus,
290 2915 317 2962 in
330 2929 377 2961 sua
388 2915 488 2980 redegit
500 2921 641 2979 potestate,
653 2914 815 2964 ordinatores
828 2921 957 2970 removet,
972 2912 1105 2962 ministros
1124 2913 1237 2977 respuit,

119 2983 215 3031 cuncta
226 2993 275 3041 par
287 2993 315 3026 se
323 2976 435 3028 ordinat.

154 3121 177 3166 6.
192 3118 317 3183 Episcopi
329 3125 416 3193 tamen
428 3119 473 3184 qui
486 3120 646 3194 advenerant
659 3121 692 3194 ad
705 3127 824 3194 sanctum
836 3121 941 3195 Gallum
959 3120 1148 3194 sepeliendum,
1163 3127 1239 3186 post-

76 3198 104 3238 ³⁰
120 3181 897 3310 tttt{tttttlttttttttt‘Stttftt't'ttttts‘}
908 3183 1239 3310 ildiiiitliililill?

120 3321 226 3356 cremus
237 3313 263 3354 te
275 3307 309 3354 ad
321 3307 510 3371 episcopatum.
525 3308 578 3358 ilex
589 3323 651 3356 vero
668 3309 795 3382 parvulus
808 3315 860 3366 est,
877 3315 903 3358 st
921 3309 944 3356 si
956 3324 1008 3371 qua
1019 3308 1067 3358 tibi
1078 3307 1240 3358 adscribitur

120 3369 213 3433 culpa,
228 3384 275 3417 nos
289 3369 460 3480 suscipientes
473 3377 498 3418 te
511 3370 560 3426 sub
577 3371 727 3422 defensione
741 3377 844 3426 nostra,
860 3387 919 3419 eum
935 3370 1089 3434 proceribus
1104 3377 1129 3419 et
1144 3371 1238 3436 primis

119 3431 197 3494 regul
209 3431 360 3491 Theodorei
379 3432 387 3480 i
399 3433 470 3495 regis
480 3449 601 3496 agemus,
615 3448 647 3494 ne
658 3432 707 3481 tibi
719 3430 774 3480 ulls
783 3433 909 3494 excitetur
921 3433 1025 3481 iniuria.
1040 3431 1120 3481 Nobis
1137 3449 1188 3496 quo
1207 3449 1239 3481 ue

76 3501 104 3539 so
120 3493 149 3540 in
158 3493 385 3542 tantumvfideliter
397 3493 485 3553 crode,
499 3501 528 3544 ut
540 3495 714 3560 spondeemds
732 3512 780 3560 pro
793 3502 817 3543 te
830 3497 930 3554 omnia,
948 3495 1052 3544 etiamsi
1068 3496 1129 3546 dam
1149 3495 1175 3542 ni
1215 3495 1239 3545 i'·

119 3555 184 3666 :pald
198 3557 390 3620 supervenerit,
408 3558 439 3619 de
451 3559 560 3622 npllstris
570 3557 692 3623 ,propriis
708 3557 913 3620 facultatibusid
925 3557 1107 3607 reddituros.»
1124 3611 1126 3616 ,
1142 3557 1159 3606 d
1175 3557 1239 3612 haec
1249 3553 1303 3602 Col.
1318 3555 1371 3601 teu.

120 3619 127 3630 ‘
142 3618 169 3666 le·
178 3624 288 3667 coturno
299 3635 381 3668 vanae
393 3622 520 3668 conflatus
532 3621 644 3684 gloriae,
657 3621 695 3669 ait
707 3637 712 3670 2
726 3635 739 3667 u
753 3621 840 3668 Nostis
851 3621 920 3668 enim
930 3623 1000 3669 tamn
1009 3627 1140 3678 currente,
1152 3636 1193 3668 me
1205 3621 1239 3670 ab

119 3680 196 3734 initio
217 3682 311 3733 aetatis
327 3698 519 3758 meaeaemper
537 3683 663 3748 religiose
685 3683 797 3740 vixisse,
821 3683 1065 3741 vacasseieiuniis,
1089 3683 1238 3732 elemosinis

120 3741 279 3791 delectatum
297 3743 391 3802 tuisse,
408 3751 572 3794 eononuatas
590 3746 694 3810 saepius
714 3745 859 3793 exercuisse
877 3745 997 3820 vig'lias,
1016 3745 1156 3810 psallentio
1177 3761 1238 3793 vero

75 3815 103 3853 45
119 3805 175 3870 iugi
187 3806 281 3856 crebre
287 3807 437 3880 perstitisse
450 3809 561 3858 statione
574 3814 710 3858 nocturne.
725 3809 777 3861 Neo
789 3824 830 3856 me
841 3809 962 3858 dommus
974 3808 1042 3858 D'ens
1055 3823 1128 3858 meus
1158 3807 1240 3856 atitu'r

120 3868 170 3915 bec
180 3867 343 3917 ordinatione
353 3868 462 3933 privari,
476 3871 517 3918 cui
531 3878 633 3922 tantum
646 3871 801 3918 tumulatum
813 3870 907 3918 exibui.
918 3872 984 3919 Nam
996 3877 1024 3918 et
1033 3869 1106 3946 ipsos
1123 3824 1238 3918 clirricati

120 3931 218 3993 grados
235 3931 359 3980 canonica
376 3949 435 3980 sum
456 3949 559 3997 semper
573 3933 736 3982 institutione
756 3933 872 3982 sortitus.
890 3933 981 3982 Lector
996 3934 1081 3980 decim
1097 3931 1173 3980 annis
1186 3932 1236 3992 lui,

121 3992 324 4042 subdiaconatus
335 3995 447 4044 officium
459 3995 573 4072 quinque
584 3995 659 4044 annis
673 3995 839 4051 ministrari,¹
851 3995 999 4044 ffiecanatui
1010 4010 1072 4044 vero
1090 3993 1238 4060 quindecim

122 4053 197 4102 annis
210 4055 375 4120 mancipatus
388 4055 607 4122 iui,.presb1terii,
618 4057 733 4122 inquam,
742 4057 897 4118 boneremvi
919 4057 966 4106 'nti
974 4056 1051 4105 annia
1061 4057 1155 4120 potior.
1169 4053 1236 4112 Quid

75 4129 106 4166 50
122 4117 191 4166 enim
203 4118 269 4166 mihi
281 4135 349 4168 nunc
362 4118 515 4177 reatat',nisi
524 4127 553 4169 ut
561 4120 757 4196 episcopatum,
768 4121 846 4184 quem'
855 4074 941 4168 fidelis
954 4121 1065 4169 servitus
1074 4120 1237 4183 promeretur

122 4179 249 4244 accipiam
257 4183 266 4228 t
274 4181 418 4248 vosigitur
430 4182 590 4236 revertimini
604 4183 637 4230 ad
650 4182 770 4236 civitates
781 4185 897 4239 vestras'„
909 4189 935 4230 at
947 4183 969 4230 si
1002 4180 1046 4229 uid
1055 4181 1165 4229 utilitati
1176 4197 1236 4246 ves-

120 4249 175 4290 trae
186 4259 244 4292 eom
264 4243 324 4303 etit,
338 4249 466 4302 exercete;
475 4259 537 4294 uam
549 4261 597 4310 ego
609 4245 732 4293 canonice
740 4245 910 4294 adsumturua
924 4261 982 4292 sum
1012 4259 1062 4292 une
1073 4243 1206 4292 bonorem.
1220 4260 1233 4291 r

120 4303 189 4354 llaec
199 4259 263 4354 audP
262 4312 337 4354 entes>
344 4307 462 4374 epicopi
474 4314 499 4356 et
510 4308 609 4358 ineam
620 4323 715 4358 vanam
728 4307 841 4372 gloriam
859 4313 1035 4366 exsecrantes,
1049 4306 1234 4358 discesserunt.
