3256 5144
360 423 404 464 t'ult
551 427 554 434 ’
643 415 799 463 tiltliliOllll
819 415 1026 460 'lttnotba'ffls
1047 414 1194 460 lll’le‘OPl

358 533 426 596 qaod
445 540 546 594 partem
564 531 614 580 sibi
631 531 747 578 debitum
766 529 882 577 civitatis
900 544 946 593 pqr
963 528 1125 602 episcopum·
1135 527 1270 591 perderet,
1293 542 1339 574 noe
1360 543 1486 599 umquam

358 595 550 643 Massiliensem
567 595 659 642 urbem
676 609 723 638 suo
740 591 869 654 potiretur
887 590 1015 647 domimo,
1029 590 1081 638 nisi
1099 591 1141 637 hic
1159 588 1330 636 evellaturab
1342 605 1381 637 ea.
1396 591 1428 636 at
1440 587 1486 634 illc

360 658 398 705 ira
416 663 574 709 commotus,
597 655 668 702 iubet
686 659 776 700 eontra
795 654 833 700 las
851 652 1000 714 religionis,
1019 659 1047 701 ut
1086 651 1183 698 ontilex
1205 649 1300 699 summi
1318 650 1362 698 Dei
1383 655 1486 698 artatus

359 719 471 766 vinculis
483 719 532 765 sibi
546 717 718 768 exhiberetur,
734 716 839 761 dicens:
855 732 866 761 a
881 714 1013 762 Trudatur
1027 669 1104 761 exilio
1116 713 1238 760 inimicus
1252 713 1324 775 regni
1340 712 1431 766 nostri,
1451 727 1484 758 ne

360 781 434 828 nobis
445 796 537 827 nocere
552 778 666 841 amplius
677 778 770 825 valeat.
787 794 798 822 a
811 777 861 823 Sed
872 793 931 823 cunr
944 776 1083 884 episeopus
1096 774 1179 823 dehis
1193 781 1330 837 suspectus
1344 781 1425 828 esset,
1435 788 1484 821 nce
1501 783 1516 818 :1

361 843 436 890 tacite
467 849 538 889 osset
546 840 579 888 ab
591 841 655 888 urbe
666 839 729 896 erui,
740 838 845 886 advenit
857 837 985 885 festivitas
998 837 1029 885 de
1049 837 1169 885 iontiouis
1183 836 1291 896 oratorii
1303 837 1372 884 ruris
1386 835 1485 884 subur-

360 904 430 952 bani.
445 858 561 967 liumquo
577 903 686 950 adhaec
703 903 776 953 leste.
790 917 913 963 egressus
932 899 1076 956 civitatem,
1096 905 1262 963 properaret,
1283 899 1369 946 subito
1389 897 1486 945 armati

360 983 419 1013 enin
430 982 526 1028 magno
537 965 641 1014 fremitu
650 964 683 1010 ah
696 963 805 1011 occultis
817 961 920 1008 insidiis
935 968 1073 1019 scatentes,
1088 968 1208 1008 sanctum
1216 961 1317 1008 vallant
1330 960 1485 1013 antistitem

361 1029 539 1100 deiectumque
552 1029 585 1076 ab
597 1042 671 1089 equo,
686 1026 779 1087 tergunt
788 1040 877 1072 omues
885 1022 993 1070 comites
1006 1024 1075 1080 eius,
1090 1023 1232 1070 servientes
1244 1023 1363 1085 alligant,
1375 1021 1487 1084 elericos
1616 1059 1617 1068 ,

361 1090 485 1145 caedunt,
502 1105 640 1152 ipsumque
654 1103 733 1150 super
746 1085 924 1134 miserabilem
934 1086 1097 1147 imponentes
1110 1084 1251 1140 caballum,
1267 1084 1366 1132 nullum
1378 1085 1409 1131 de
1430 1084 1487 1130 suis
1509 1091 1537 1128 le
1616 1105 1617 1114 κ

361 1168 439 1216 seque
452 1151 646 1217 permittentes,
665 1149 698 1196 ad
711 1148 781 1211 regis
802 1148 933 1195 deducunt
954 1149 1139 1210 praesentiam.
1155 1147 1271 1210 Cumque
1285 1162 1332 1209 per
1344 1145 1488 1210 Aquensim

362 1214 535 1277 praeterirent
544 1213 651 1267 urbem,
663 1210 779 1259 Pientius
792 1211 930 1282 episcopus
949 1209 1013 1265 loci,
1031 1210 1172 1257 condolens
1192 1209 1280 1263 tratri,
1301 1208 1370 1256 datis
1382 1207 1488 1254 clericis

362 1277 394 1323 ad
408 1276 531 1323 solatium
544 1273 726 1336 impositisque
746 1271 917 1326 necessariis,
932 1271 1004 1318 abire
1024 1271 1152 1335 permisit.
1171 1273 1237 1319 Dum
1253 1271 1318 1318 haee
1335 1276 1487 1333 agerentur,

361 1338 448 1384 elerici
459 1338 555 1384 iterum
565 1335 736 1384 Massiliensis
747 1334 840 1381 domus
853 1332 978 1380 ecclesiae
991 1340 1120 1388 reserant,
1130 1333 1245 1380 archana
1256 1333 1385 1380 rimantur
1397 1339 1422 1379 et
1433 1331 1489 1378 alia

362 1399 520 1454 discr-ibunt,
537 1399 590 1444 alia
610 1397 664 1444 suis
686 1396 808 1443 domibus
826 1396 948 1442 inierunt.
965 1395 1111 1460 Episcopus
1126 1411 1188 1442 vero
1207 1395 1240 1442 ad
1258 1410 1347 1457 regem
1359 1393 1489 1442 deductus
1510 1402 1538 1438 te
1616 1415 1617 1436 i

362 1477 408 1508 uec
421 1459 562 1523 culpabilis
574 1459 709 1513 inventus,
726 1457 758 1505 ad
769 1457 902 1504 civitatem
911 1471 986 1504 suam
998 1457 1083 1506 redire
1095 1457 1255 1520 permissus,
1269 1473 1329 1503 cum
1341 1455 1435 1516 grandi
1447 1463 1491 1502 est

230 1531 284 1576 1201,
298 1532 350 1575 289,
362 1540 377 1569 a
387 1522 488 1569 civibus
497 1521 574 1569 laude
584 1526 731 1583 susceptus.
743 1520 779 1566 Ex
790 1520 838 1567 hoc
851 1519 935 1582 ellnim
947 1520 1037 1582 gravis
1049 1519 1187 1566 inimicitia
1196 1518 1264 1566 inter
1276 1518 1491 1568 Gunthrumnum

362 1600 451 1646 regem
466 1589 491 1630 et
508 1582 705 1630 childebertum
721 1588 841 1644 nepotem
862 1597 938 1627 sirum
957 1582 1081 1636 exoritur,
1097 1581 1298 1644 disruptumque
1319 1581 1420 1636 foedus,
1436 1580 1489 1626 sihi

363 1647 474 1692 invicem
490 1644 693 1692 insidiabuntur.

407 1817 465 1880 Vll
489 1813 565 1900 (l2).
595 1811 700 1902 Igitur
722 1811 933 1900 Chilpericus
962 1835 1018 1875 rex
1048 1835 1189 1874 cernens
1216 1813 1275 1875 lias
1299 1810 1490 1878 discordias
1508 1839 1537 1873 aa
1616 1829 1617 1832 ¹

365 1919 452 1981 inter
465 1915 599 1995 fratrem
614 1927 647 1980 et
666 1926 822 2002 nepotem
842 1938 937 1978 suum
954 1912 1117 2000 polulare,
1139 1913 1351 1978 Desiderium
1367 1914 1491 1978 ducem
1616 1911 1617 1918 '

364 2029 480 2081 evocat
505 2017 678 2104 iubetque,
700 2028 737 2106 ut
755 2016 880 2103 aliquid
898 2015 1067 2103 nequitiae
1087 2014 1208 2079 inserat
1226 2014 1330 2079 fratri.
1353 2014 1490 2104 Atille,

365 2131 533 2183 commotu
554 2117 718 2197 exercita,
745 2115 961 2204 Raguovaldo
981 2117 1058 2180 duci
1084 2117 1216 2206 fugato,
1237 2119 1491 2182 petrocoricum

355 2219 532 2309 ‚pervadit;
571 2232 751 2307 exactaque
783 2233 1008 2297 sacramenta,
1040 2219 1216 2308 Agermum
1244 2220 1367 2308 pergit.
1400 2223 1492 2283 Haec

366 2321 504 2388 audieus
528 2344 611 2384 uxor
639 2320 863 2409 Ragnar-aldi,
891 2321 981 2408 quod
1007 2319 1157 2400 scilieet,
1180 2321 1293 2409 fugato
1314 2319 1383 2385 viro
1410 2345 1489 2399 suo,
1507 2347 1536 2383 as

366 2425 448 2488 baec
484 2423 660 2486 etciritas
688 2422 721 2486 in
745 2433 911 2509 potestate
938 2423 1026 2510 regis
1053 2421 1237 2508 Chilperioi
1264 2421 1490 2510 redigeretur,

367 2524 537 2588 basilicam
564 2522 669 2588 sancti
706 2524 859 2608 martyris
890 2523 1027 2611 Caprasi
1059 2523 1209 2611 expetiit.
1243 2523 1310 2588 Sed
1342 2535 1492 2587 extracta

366 2625 486 2708 exinde
509 2637 541 2688 et
570 2624 711 2712 spoliata
732 2649 749 2687 a
771 2624 926 2688 facultate
948 2648 984 2687 ao
1013 2625 1211 2689 famulorum
1237 2624 1373 2704 solatio,
1403 2625 1492 2689 datis

366 2725 636 2802 fideiussoribus,
656 2726 796 2791 Tolosae
815 2724 990 2814 dirigitur3
1018 2725 1133 2814 ibique
1151 2727 1272 2791 iterum
1295 2725 1329 2791 in
1351 2724 1491 2791 basilica

366 2827 472 2892 sancti
498 2827 670 2894 Saturnini
696 2826 883 2891 resedebat.
912 2824 1107 2891 Desiderius
1131 2852 1209 2892 vero
1237 2841 1373 2893 cunctas
1409 2829 1489 2893 civi·
1505 2855 1535 2888 :io

366 2942 463 3007 tutes,
484 2953 568 3017 quae
591 2928 625 2993 ia
648 2940 741 3016 parte
766 2926 880 2992 illaad
901 2953 1013 3017 regem
1035 2931 1325 2994 Guntohraninum
1346 2929 1490 3019 aspicie·

367 3033 464 3110 bant,
489 3030 628 3094 abstulit
655 3041 688 3093 et
719 3029 905 3114 ditionibus
938 3029 1121 3118 Chilperici
1156 3031 1300 3120 subegit.
1336 3031 1491 3098 Berulfus

367 3157 444 3196 vero
465 3131 544 3209 dux,
567 3155 640 3195 oum
660 3129 827 3195 Bituricus
846 3130 1031 3210 musitaret,
1048 3131 1137 3220 quod
1159 3135 1361 3197 'l'oronicum
1379 3134 1491 3197 termi-

368 3257 445 3298 num
459 3233 736 3322 ingrederentur,
760 3232 923 3312 audisset,
948 3235 1129 3298 exeroitum
1148 3247 1334 3299 cornmovet
1352 3247 1435 3298 etse
1456 3234 1490 3296 in

368 3337 459 3423 ipsos
494 3334 577 3400 fines
611 3333 736 3400 statuit.
780 3336 931 3400 Graviter
961 3348 1041 3400 tuuc
1071 3361 1177 3426 pagus
1206 3335 1428 3402 Siodunensis
1453 3361 1533 3400 ace.

368 3434 582 3500 Berravensis
602 3435 694 3499 urbis
720 3435 905 3501 'l‘oronieae
933 3437 1094 3500 devastati
1113 3450 1201 3502 sunt.
1230 3439 1351 3504 Sedet
1374 3450 1491 3529 postea

369 3536 561 3614 crudeliter,
584 3539 695 3624 quiin
717 3541 779 3604 hac
801 3539 978 3603 obsidione
997 3539 1114 3604 adesse
1134 3565 1202 3604 non
1217 3554 1390 3630 poterant,
1414 3555 1491 3606 sunt

368 3627 526 3689 damnati.
549 3625 725 3690 Baudastis
744 3651 821 3691 vero
837 3627 903 3692 dux
919 3626 952 3691 iu
967 3631 1182 3698 Wasconiam
1202 3630 1284 3694 abiit
1299 3633 1492 3696 maximam·

369 3751 433 3815 que
447 3741 575 3816 partem
597 3726 763 3793 exercitus
782 3731 831 3792 sui
854 3727 974 3794 amisit.

400 3925 437 3970 l3.
452 3923 540 3986 Lupus
555 3919 628 3968 urbis
643 3921 786 3970 Turonieae
799 3922 876 3978 civis,
887 3939 958 3978 cum,
972 3939 1050 3972 uxore
1063 3924 1164 3986 perdita
1178 3943 1207 3972 ae
1220 3927 1325 3982 liberis,
1338 3927 1492 3978 clericatum
1506 3935 1535 3976 4⁰

369 3991 515 4059 expeteret,
530 4001 545 4032 a
559 3985 639 4030 tratre
651 3982 789 4030 Ambrosio
799 3984 948 4044 prohibitus
964 3991 1017 4040 est,
1033 3986 1143 4042 timens,
1158 4003 1189 4035 ne
1203 3988 1326 4036 heredem
1342 3989 1492 4039 institueret

369 4048 414 4096 Der
431 4046 584 4102 ecclesiam,
597 4044 652 4092 sici
666 4045 876 4106 coniungeretur.
891 4047 1056 4110 Rursumque
1067 4048 1105 4095 illi
1119 4065 1225 4097 uxorem
1238 4050 1353 4113 providit
1366 4057 1389 4100 et
1406 4052 1492 4102 diem.

232 4121 286 4170 (101¹
302 4124 355 4168 290¹
368 4109 395 4157 in
426 4126 459 4157 uo
470 4108 503 4158 ad
516 4106 650 4170 sponsalia
659 4107 1158 4171 donandaconiungerentmalesuadus
1170 4114 1180 4171 ΙΙ
1193 4114 1273 4160 irater
1284 4113 1385 4161 indicit.
1395 4115 1494 4163 Dehine

369 4172 401 4221 ad
436 4171 603 4220 ainonensem
622 4167 809 4226 castrum,ubi
825 4169 968 4232 hospitium
982 4171 1127 4229 habebant,
1162 4173 1243 4222 ariter
1257 4175 1425 4224 advenerunt.
1442 4179 1494 4226 Sed

369 4250 433 4282 uxor
444 4231 587 4286 Ambrosii,
600 4247 657 4279 eum
671 4237 739 4279 osset
750 4230 867 4279 adultera
879 4231 993 4282 etalium
1006 4232 1129 4282 inaniore
1142 4189 1288 4299 lirpanario,
1303 4253 1380 4285 exoso
1389 4239 1492 4290 marito.
1511 4251 1534 4290 ts

369 4295 502 4358 diligeret.
526 4293 634 4340 insidias
656 4291 712 4340 viro·
734 4292 849 4340 tetendit.
874 4295 989 4354 Cumque
1010 4295 1035 4340 hi
1054 4298 1171 4358 geroiani
1194 4299 1293 4359 pariter
1313 4300 1450 4361 epulantes
1470 4310 1492 4348 et
