3256 5144
411 401 575 448 IIIS'IORIAE
594 403 793 452 Funxuouuu
813 405 908 452 LIBER
925 405 966 451 I'I.
1212 407 1257 452 228

132 528 251 604 pensat
270 531 369 605 atque
386 517 517 581 diversa
532 531 728 582 ornamenta
748 520 930 608 prospicit,
956 519 1073 583 dicens
1096 546 1102 582 :
1127 547 1142 579 u
1169 523 1257 584 llaec

132 629 166 681 et
183 615 510 708 haeelleunparabo,
529 619 606 708 quia
626 620 765 685 multum
782 621 863 686 mihi
878 646 994 688 aurum
1015 633 1257 712 argentumque
1269 638 1324 684 Col.
1336 640 1389 684 308.

134 719 269 784 resedit.
292 747 309 782 n
326 723 393 786 Ista
406 721 465 785 illo
477 721 623 800 dicente,
639 722 751 787 subitu
763 723 979 788 advenientes
997 723 1133 814 reginae
1148 723 1256 812 pueri,

133 822 311 887 voluerunt
327 847 402 888 eum
418 823 507 888 vinei
528 823 666 888 eatenis.
687 824 747 889 Ille
765 850 916 915 quoque,
936 826 1111 916 evaginato
1130 825 1256 916 gladio,

103 948 236 988 sunum
254 925 425 1004 verberat3
446 925 566 990 exinde
587 926 740 992 succensi
757 927 852 1006 selle,
876 926 1117 1016 adpraehensis
1134 927 1258 1016 parmis

133 1037 167 1090 et
189 1026 328 1117 gladiis,
365 1052 466 1116 super
492 1052 567 1093 eum
603 1027 753 1094 inruunt.
784 1033 832 1094 Ex
860 1030 983 1119 quibus
1016 1054 1102 1094 unus
1130 1030 1258 1095 librans

133 1128 254 1210 ictum,
291 1129 466 1195 maximam
496 1143 626 1219 partem
654 1131 775 1220 capitis
808 1131 880 1196 eius
906 1157 924 1195 a
954 1129 1084 1220 capillis
1113 1145 1147 1196 et
1182 1144 1258 1197 cute

133 1231 271 1297 detexit.
297 1233 448 1322 Cumque
473 1259 535 1322 per
566 1247 705 1322 pontem
735 1235 829 1299 urbis
857 1233 998 1324 fugiret,
1028 1234 1140 1324 elapsa
1170 1234 1259 1298 inter

133 1333 215 1397 duas
238 1357 334 1412 axes,
360 1358 445 1422 quae
472 1346 576 1423 ponte
604 1335 742 1413 faciunt,
767 1335 873 1424 pede,
898 1333 1034 1399 effracta
1056 1359 1258 1425 oppraessus

94 1458 118 1495 ιο
134 1446 185 1498 est
201 1433 304 1515 tibia;
322 1434 510 1525 legatisque
527 1449 605 1523 post
620 1449 750 1526 tergum
764 1436 930 1516 manibus,
951 1436 1122 1501 custodiae
1137 1435 1257 1500 manci-

134 1549 240 1624 patur.
280 1538 448 1627 Iussitque
478 1562 553 1616 rex,
586 1552 624 1602 ut
657 1551 904 1604 sustentaretur
930 1564 946 1602 a
982 1539 1141 1618 medicis,
1174 1562 1258 1627 quo-

134 1638 283 1727 adusque
308 1641 349 1703 ab
379 1639 433 1704 his
459 1641 583 1705 ictibus
609 1642 779 1719 sanatus1,
803 1642 963 1706 diuturno
990 1640 1158 1729 supplicio
1174 1665 1258 1705 cru·

135 1739 288 1805 oiaretur.
306 1739 319 1830 l}
330 1741 397 1806 Sed
411 1765 486 1804 cum
501 1742 541 1806 ad
551 1742 664 1805 villam
681 1742 828 1807 fiscalem
844 1743 964 1806 ductus
981 1741 1099 1806 fuisset
1114 1754 1163 1820 et,
1182 1766 1258 1806 con·
1270 1756 1324 1804 For.
1338 1760 1375 1804 aa.

134 1844 397 1928 putriscentibus
418 1842 539 1932 plagis,
558 1858 738 1909 extremam
754 1858 921 1934 ageretur,
940 1857 1009 1909 tum
1020 1843 1112 1909 iussu
1124 1843 1258 1934 reginae

95 1967 118 2006 rs
134 1946 298 2009 interram
312 1944 495 2032 proiecitur
512 1947 707 2035 resupinus;
721 1947 831 2036 posito
847 1947 887 2010 ad
899 1946 1063 2011 cervicem
1079 1945 1152 2010 eius
1164 1958 1259 2010 vecte

135 2045 305 2126 inmenso,
326 2049 367 2112 ab
388 2046 452 2112 allo
472 2049 503 2111 ei
518 2049 629 2138 gulam
647 2050 836 2113 verberant.
862 2048 1030 2136 Sicquael
1048 2072 1083 2112 se
1097 2047 1258 2136 perfidam

136 2171 237 2237 agens
253 2147 370 2228 vitam,
390 2149 476 2214 iusta
498 2163 604 2214 morte
625 2151 743 2214 finivit.

180 2345 301 2408 XXIIII
317 2342 393 2428 (33).
415 2344 512 2406 Auno
530 2367 620 2406 nono
636 2342 872 2407 Childeberthi
893 2343 982 2432 regis
1001 2357 1129 2430 partem
1143 2342 1258 2408 Massi·

136 2444 199 2508 liae
215 2446 467 2511 Gunthramnus
486 2468 543 2507 rex
563 2445 635 2532 ipse
654 2457 776 2530 nepote
797 2467 857 2508 suo
877 2444 1010 2508 refudit.
1034 2444 1148 2533 Legati
1164 2445 1258 2531 prin-

96 2572 123 2608 ao
139 2543 222 2633 cipis
251 2544 437 2635 Chilperici
467 2545 508 2609 de
533 2543 703 2631 Hispaniis
728 2546 889 2632 regressi,
920 2546 1157 2610 nuntiaverunt
1184 2569 1275 2633 pro--

138 2646 278 2712 vinciam
292 2646 518 2734 Carpitaniam
531 2647 676 2736 graviter
695 2669 713 2708 a
729 2645 868 2710 locustis
885 2647 985 2710 fuisse
1005 2658 1186 2723 vastatam,
1213 2647 1258 2711 ita

137 2761 173 2812 ut
191 2769 257 2812 non
274 2750 385 2827 arbor,
406 2773 473 2813 uon
491 2747 605 2827 vinca,
628 2772 695 2812 nou
721 2746 817 2824 silva,
846 2771 914 2812 non
939 2748 1066 2811 fructus
1082 2746 1185 2835 aliqui
1204 2763 1260 2811 aut

137 2850 314 2939 quicquam
332 2850 431 2914 viridi
453 2863 657 2928 remaneret,
686 2849 741 2938 qui
758 2873 859 2914 nona
880 2849 1018 2914 locustis
1039 2862 1254 2914 everteretur.

138 2953 281 3018 Alebant
296 2953 384 3016 enim
412 2952 607 3017 inimicitias
629 2951 719 3029 illas,
747 2975 832 3040 quae
861 2953 950 3015 inter
972 2950 1203 3042 Leuvigildum
1228 2964 1261 3015 et

97 3054 241 3121 refilium
271 3077 366 3120 suum
400 3055 660 3142 pullulaverunt,
694 3054 911 3118 vehementer
944 3077 1052 3143 agere.
1091 3057 1155 3118 Per
1188 3054 1259 3117 locu

139 3157 227 3222 euim
248 3157 319 3221 lues
340 3158 508 3233 vastabat,
533 3157 591 3220 sed
611 3155 753 3220 maxime
774 3157 891 3220 urbem
907 3154 1153 3222 Narbunensim
1178 3156 1260 3220 vali·

139 3261 213 3326 dius
240 3258 468 3336 desaeviebat,
504 3273 537 3322 et
564 3259 629 3324 iam
658 3259 758 3324 tertio
787 3283 893 3337 anno,
925 3259 1015 3346 quod
1045 3258 1170 3322 ibidem
1201 3259 1259 3323 ad-

140 3363 385 3450 praehenderat
404 3374 439 3426 et
458 3363 680 3449 requieverat3
707 3362 900 3449 populoque
921 3361 1100 3424 revertenti
1127 3386 1143 3424 a
1166 3361 1258 3450 suga.

139 3465 257 3530 iterum
284 3464 400 3528 morbo
430 3463 619 3550 consumpti
646 3475 733 3526 sunt.
771 3465 854 3528 Nam
884 3475 916 3525 et
949 3461 1118 3526 Albiensis
1146 3462 1260 3529 civitas

99 3593 124 3630 ao
141 3567 280 3630 maxime
299 3567 339 3629 ab
360 3566 424 3629 hoe
439 3565 652 3628 incommodo
674 3565 859 3630 laborabat.
880 3563 937 3628 His
959 3562 1078 3629 diebus
1101 3589 1260 3652 apparue-

140 3680 217 3734 runt
232 3691 249 3730 a
268 3680 361 3755 parte
379 3665 545 3754 aquilonis
566 3667 782 3731 noetemedia
794 3664 879 3729 radii
895 3664 989 3730 multi
1007 3665 1137 3756 fulgore
1156 3665 1260 3730 nimio

140 3769 345 3846 relucentes,
381 3769 439 3855 qui
472 3768 512 3830 ad
551 3792 586 3832 se
616 3769 808 3846 venientes,
843 3767 962 3832 iterum
1004 3768 1258 3856 separabantur,

140 3871 337 3959 usquequod
357 3882 571 3934 evanuerunt.
601 3870 667 3935 Sed
682 3883 715 3934 et
730 3871 857 3936 caelum
874 3867 887 3960 Η
902 3871 943 3932 ab
962 3870 1034 3956 ipsa
1056 3869 1259 3957 septentrio·
1272 3887 1325 3937 Col.
1339 3891 1391 3935 sos.

141 3972 213 4036 nale
231 3971 329 4062 plaga
357 3972 403 4035 ita
427 3971 653 4060 resplenduit,
675 3983 712 4034 ut
729 3983 903 4059 putaretur
921 3995 1038 4035 aurora
1058 3971 1257 4060 producere.

867 4145 1256 4158 *W

170 4243 189 4287 l.
210 4243 265 4298 Bis,
281 4243 388 4289 alterum
403 4259 511 4289 erasum.
527 4271 557 4277 -
574 4245 595 4288 2.
616 4245 686 4290 Corr.
702 4243 797 4307 sicque.
