3256 5144
436 493 601 541 msrorum
619 493 819 541 marcorum
836 463 990 542 oleran.
1232 491 1277 539 rra

152 612 188 678 ἰη
202 611 383 677 iudicando
404 610 635 690 cautissimus;
662 611 789 676 nullum
807 609 1009 699 dispiciens,
1030 610 1089 676 sed
1110 634 1225 675 omnes
1241 609 1275 673 in

153 715 238 779 bona
258 713 428 778 voluntate
457 711 687 799 conplectens.
711 714 836 778 Omnes
859 713 1024 803 diligens,
1044 715 1117 802 ipse
1143 735 1276 802 quoquo

153 815 355 906 diligebatur
372 817 413 879 ab
436 815 603 879 omnibus.
632 814 693 878 Hic
721 840 795 880 oum
818 827 970 904 egrotare
995 814 1164 903 coepisset
1183 827 1217 878 et
1241 837 1276 878 se

152 917 216 982 iam
230 919 341 983 vivere
357 918 572 1006 desperaret,
594 917 723 981 vocavit
741 916 901 1005 Sophiam
919 930 1111 1006 augustam,
1133 916 1250 981 dicens
1268 943 1273 978 z

125 1045 170 1083 su
188 1023 273 1086 Ecce
289 1019 352 1083 iam
375 1019 548 1108 impletum
570 1017 678 1082 sentio
696 1030 828 1108 tempus
846 1019 932 1083 vitae
950 1041 1062 1096 meae3
1086 1042 1174 1082 nuato
1196 1041 1276 1098 conf

154 1121 228 1186 silio
244 1133 303 1186 tuo
325 1121 465 1212 elegam,
488 1120 544 1210 qui
566 1122 614 1184 rei
634 1120 790 1208 publicae
808 1145 963 1210 praeesse
982 1120 1114 1184 debeat.
1142 1119 1277 1207 Oportit

154 1223 241 1288 enim
260 1236 431 1287 strenuum
453 1222 556 1312 elegi,
586 1222 642 1310 qui
668 1246 729 1310 pro
752 1247 805 1286 me
824 1223 867 1286 sit
893 1223 971 1286 huic
998 1220 1168 1310 potestati.
1194 1248 1210 1282 »
1234 1219 1277 1286 At

154 1325 209 1390 illa
226 1325 423 1391 Mauricium
445 1325 612 1414 quendam
645 1325 764 1413 elegit,
787 1326 904 1390 dicens
928 1352 934 1388 ι
958 1350 974 1385 a
996 1325 1101 1391 Valde
1122 1336 1277 1388 strenuus

154 1441 187 1493 et
202 1451 297 1493 saeax
316 1426 461 1492 viriste.
482 1430 564 1493 Nam
585 1439 619 1491 et
639 1426 772 1514 saepius
792 1439 909 1491 contra
929 1426 1084 1491 inimicos
1105 1427 1152 1490 rei
1170 1425 1277 1514 publi-

117 1527 140 1592 u
154 1552 211 1594 cae
231 1527 413 1608 dimicans,
433 1529 590 1594 victorias
608 1527 773 1593 obtenuit.
796 1555 812 1590 n
832 1532 920 1594 Haec
938 1529 1027 1593 enim
1045 1527 1194 1608 dicebat,
1223 1539 1275 1605 ut,

154 1631 218 1695 istd
234 1641 445 1709 transeunte,
466 1629 565 1696 huius
590 1629 747 1720 coniugio
773 1642 975 1694 necteretur.
1004 1629 1072 1695 Sed
1095 1628 1275 1716 Tyberius,

155 1746 330 1822 postquam
352 1757 552 1797 consensum
571 1733 728 1822 cognovit
740 1744 898 1822 augustae
920 1730 961 1795 de
980 1733 1078 1796 huius
1097 1731 1275 1807 electione,

155 1835 253 1898 iussit
280 1858 440 1900 exornare
468 1834 569 1898 liliam
604 1859 695 1898 suam
730 1836 935 1898 ornamentis
969 1832 1212 1921 imperialibus,
1245 1843 1278 1896 et

155 1950 271 2002 vocato
284 1935 459 2015 Mauricio,
480 1939 525 2002 ait
551 1936 621 2030 .·11«
646 1940 732 2002 Ecce
753 1961 919 2002 consensu
945 1935 1092 2025 Sophiae
1117 1946 1342 2025 augustaeum.
1356 1959 1393 2002 oe.

115 2065 139 2102 1⁵
156 2038 195 2102 ad
210 2037 387 2126 imperium
408 2038 568 2127 elegeris;
595 2037 629 2102 in
652 2063 717 2124 quo
738 2051 774 2102 ut
800 2037 928 2102 firmior
953 2038 1015 2115 sis,
1044 2036 1144 2100 liliam
1171 2059 1277 2099 meam

155 2140 282 2204 tradam
308 2139 381 2204 tibi.
417 2165 433 2202 »
457 2143 499 2204 Et
525 2139 705 2205 accedente
731 2140 893 2228 puellam,
920 2139 1060 2204 tradidit
1085 2162 1156 2203 eam
1183 2149 1279 2226 pater

116 2243 121 2248 ’
156 2241 335 2320 Mauricio,
359 2242 479 2307 ‘dicens
510 2270 516 2306 :
552 2269 568 2305 «
600 2243 651 2308 Sit
677 2243 739 2306 tibi
768 2241 945 2330 imperium
976 2267 1085 2307 meum
1117 2240 1277 2320 cumbae

156 2344 265 2432 puella
303 2369 516 2411 consensum.
551 2345 643 2410 Utire
671 2369 746 2409 eum
776 2344 874 2422 selix,
907 2369 1034 2408 memor
1066 2367 1210 2432 semper,
1242 2353 1278 2405 ut

156 2445 356 2535 aequitatem
388 2460 421 2510 et
445 2447 604 2512 iustitiam
638 2445 841 2534 delllccteris.
877 2473 894 2508 »
931 2445 974 2509 At
1003 2445 1077 2524 ille,
1106 2456 1276 2532 acceptam
1289 2465 1343 2513 eol.
1358 2467 1411 2511 aaa.

112 2573 140 2612 ao
155 2548 312 2637 puellam,
335 2549 429 2612 duxit
450 2573 521 2612 eam
541 2549 582 2612 ad
605 2548 740 2612 domum
759 2571 869 2625 suam;
889 2559 922 2611 et
938 2559 1106 2610 transacta
1122 2541 1275 2632 sollempss

156 2648 259 2738 nitate
282 2649 472 2736 nuptiarum
495 2649 657 2735 Tyberius
678 2647 773 2712 obiit.
802 2649 908 2737 lgitur
930 2648 1099 2713 celebrato
1125 2646 1275 2724 iustitio,

156 2750 334 2816 Mauricius
360 2750 496 2815 indutus
517 2749 704 2815 diademate
727 2763 759 2815 et
779 2774 926 2839 purpora
953 2763 986 2815 et
1008 2751 1128 2836 bysso,
1152 2750 1193 2812 ad
1216 2747 1277 2813 cir·

74 2851 77 2860 ’
155 2877 229 2917 cum
247 2851 432 2942 processit,
455 2852 715 2940 adclamatisque
735 2851 798 2916 sibi
821 2852 996 2930 laudibus,
1016 2850 1136 2942 largita
1152 2849 1277 2938 populo

155 2980 309 3032 munera,
328 2955 363 3020 in
378 2953 520 3043 imperio
541 2955 769 3020 confirmatur.

115 3164 142 3198 is
201 3138 291 3202 XXII
315 3135 392 3221 (31).
417 3137 570 3222 Denique
595 3135 807 3224 Chilperieus
833 3159 890 3200 rex
918 3135 1047 3224 legatos
1074 3129 1207 3222 nepotis
1228 3135 1276 3200 sui

156 3237 389 3304 Childeberthi
427 3235 590 3324 suscepit,
631 3237 719 3300 inter
747 3260 830 3324 quos
853 3235 980 3323 primus
1014 3247 1084 3299 erat
1110 3235 1276 3326 Egidius,

157 3340 331 3404 Remcnsis
360 3338 551 3426 episcopus.
590 3338 720 3421 Quibus
749 3336 951 3401 intromissis
979 3336 1019 3400 ad
1043 3361 1173 3426 regem,
1203 3336 1278 3400 data

156 3439 386 3530 suggestione,
405 3439 562 3504 dixerunt
581 3467 587 3502 :
609 3443 781 3516 «Pacem,
802 3463 900 3526 quam
914 3461 988 3502 cum
1003 3437 1128 3503 domno
1149 3450 1277 3514 nostro,

158 3541 272 3630 neputi
293 3553 367 3620 tuo,
398 3540 522 3618 fecisti,
546 3541 630 3628 petit
648 3566 665 3604 a
683 3554 715 3604 te
738 3539 939 3604 omnimodis
960 3561 1177 3618 conservare;
1205 3559 1277 3604 oum

115 3631 257 3708 :rofratre
291 3667 369 3707 vero
394 3657 451 3709 tuo
479 3667 595 3730 pacem
626 3644 749 3707 habere
777 3666 844 3705 non
877 3655 1006 3730 potest,
1043 3641 1119 3730 quia
1151 3637 1279 3730 partem

156 3745 323 3812 Massiliae
351 3744 381 3810 ei
406 3757 482 3834 post
506 3757 648 3809 mortem
673 3745 812 3809 abstulit
828 3745 932 3833 patris
966 3745 1169 3834 fugacesque
1202 3761 1279 3809 suos

158 3850 282 3914 retinet
295 3870 357 3912 uec
373 3871 429 3912 eos
460 3848 530 3912 vult
549 3845 578 3912 ei
596 3846 777 3911 remittere.
803 3848 881 3914 ldeo
904 3846 1155 3926 ChildebertuS,
1174 3870 1279 3934 nepus

156 3946 258 4028 tuus,
271 3949 463 4026 caritatem,
484 3973 581 4037 quam
600 3973 688 4014 nunc
714 3962 824 4016 tecum
851 3950 1013 4031 retenuit,
1041 3951 1192 4038 integrae
1210 3947 1281 4012 vult

158 4076 300 4118 servare.
324 4079 340 4114 »
363 4053 405 4116 Et
420 4051 476 4115 ille
498 4077 536 4114 z«
557 4053 593 4115 ln
610 4051 736 4130 multis,
757 4051 888 4140 inquid,
907 4051 1009 4114 frater
1029 4073 1121 4115 meus
1140 4050 1281 4113 accessit

117 4179 143 4216 as
158 4152 346 4242 culpabilis.
365 4153 447 4218 Nam
460 4151 487 4216 si
502 4153 653 4216 ordinem
673 4153 812 4217 rationis
833 4152 920 4215 filius
935 4175 1027 4230 meus
1044 4145 1281 4216 Childebertns

158 4254 322 4344 inquirat,
355 4251 531 4344 cognuscit
554 4250 716 4343 protenus
751 4251 842 4342 quod
865 4251 1155 4333 buiusconludio
1187 4247 1282 4339 pater

160 4356 231 4424 elus
246 4368 298 4422 cst
317 4356 525 4422 interfectus.
550 4381 567 4418 a
589 4361 677 4424 Haec
700 4380 740 4422 eo
760 4349 1083 4443 diceute,‘Egydius
1102 4351 1282 4446 episcopus
