3220 5158
388 459 417 531 62
671 472 828 531 GREGORII
846 479 1054 529 TURONENSIS
1071 479 1221 529 EPISCOPI

388 601 433 666 ait
459 627 465 664 ε
492 627 508 663 «
536 597 638 664 Ecce!
666 602 728 689 ego
752 597 886 694 lrumilis
916 610 1012 678 tuus,
1038 597 1205 687 piisssime
1233 623 1306 677 rex,
1338 599 1378 665 ad
1409 611 1499 664 tuam

389 701 571 792 potentiam
594 700 711 781 venio,
738 699 931 792 relinquens
953 699 1048 765 illum
1073 699 1295 766 miserrimum
1321 703 1500 768 Gundoba-

387 808 477 872 dum.
492 805 589 889 Quod
605 805 632 868 si
648 829 700 869 me
714 803 819 893 pietas
836 816 892 869 tna
911 803 1079 892 respicere
1091 804 1265 895 dignatur,
1279 803 1446 896 integrum
1462 805 1500 870 in

388 933 439 974 me
460 907 615 973 samolum
632 920 730 996 atque
746 905 879 970 fidelem
898 919 931 970 et
949 917 984 969 tu
1005 918 1038 970 et
1054 905 1180 994 posteri
1205 905 1253 971 tui
1277 907 1454 973 habebitis.
1481 935 1499 970 n

388 1015 494 1096 Quem
527 1011 583 1075 ille
612 1009 860 1100 prumptissime
888 1008 1067 1099 colligens,
1094 1033 1206 1073 secum
1232 1011 1387 1075 retenuit.
1418 1013 1529 1075 Erats

388 1114 476 1180 enirn
505 1114 668 1180 iocundus
691 1112 726 1177 in
745 1110 880 1190 sabulis,
905 1123 1059 1176 strenuus
1081 1111 1115 1175 in
1143 1110 1312 1193 consiliis,
1333 1113 1439 1178 iustus
1463 1112 1501 1176 iu

387 1214 520 1281 iudiciis
538 1228 572 1280 et
592 1215 626 1278 in
652 1213 828 1296 commisso
852 1211 971 1278 fidelis.
997 1212 1149 1302 Denique
1168 1214 1404 1280 Chlodovecho
1425 1239 1501 1280 cunr

269 1329 323 1377 Col.
338 1330 374 1377 87.
388 1305 478 1384 omrii
499 1317 646 1384 exercitu
667 1316 754 1383 circa
777 1340 889 1380 murus
913 1314 1005 1380 urbis
1031 1315 1219 1396 resedenti,
1240 1314 1253 1408 [l
1270 1315 1315 1382 ait
1337 1316 1472 1382 Aridius
1493 1345 1499 1380 :

389 1451 406 1486 «
426 1422 461 1489 Si
479 1419 669 1512 dignanter,
687 1444 706 1484 o
726 1444 798 1498 rex,
813 1416 919 1509 gloria
937 1417 1147 1482 celsitudinis
1165 1430 1241 1485 tuae
1259 1444 1382 1509 paucos
1394 1420 1503 1484 humi-

268 1531 322 1578 F0l·
337 1531 374 1579 27.
386 1524 488 1590 litatis
502 1527 515 1613 l}
530 1548 620 1589 meae
633 1545 802 1588 sermones
816 1520 910 1586 vellit
929 1521 1107 1609 accepere,
1126 1521 1300 1586 consilium
1319 1521 1417 1587 liceat
1430 1548 1501 1587 non
1518 1549 1545 1588 πο

386 1628 530 1720 egeatiS,
550 1613 660 1691 tamen
680 1624 746 1689 fide
765 1624 896 1715 integra
914 1623 1162 1704 ministrabam,
1190 1622 1345 1715 idemque
1361 1624 1413 1690 vel
1436 1625 1500 1689 tibi

387 1754 571 1822 congruum
588 1728 640 1792 vel
660 1723 849 1791 civitatibus
867 1739 953 1806 erat,
973 1751 1033 1815 per
1057 1750 1138 1814 quas
1156 1726 1298 1792 transire
1318 1726 1497 1792 deliberas.

372 1861 404 1916 κ(
430 1835 508 1914 Cur,
540 1829 665 1920 inquit,
704 1827 827 1894 retines
859 1825 1055 1907 exercitum,
1098 1854 1171 1893 cum
1199 1828 1274 1894 loco
1308 1828 1501 1894 firmissimo

385 1948 461 2001 tuus
480 1927 631 1999 resedeat
647 1929 824 1996 inimicus?
845 1929 1066 2020 Depopularis
1086 1956 1200 2022 agros,
1223 1944 1317 2020 prata
1330 1931 1497 2022 depascis,

385 2037 497 2104 vineas
517 2036 683 2113 dissecas,
701 2035 820 2099 oliveta
836 2032 987 2098 succides
1003 2058 1185 2123 omnesque
1206 2033 1352 2124 regionis
1372 2035 1499 2100 fructos
1517 2061 1544 2101 rs

386 2140 522 2218 evertis;
546 2137 678 2201 iuterim
700 2148 732 2200 et
746 2134 795 2200 illi
818 2135 903 2201 nihil
919 2160 1039 2201 nocere
1064 2135 1237 2226 praevalis.
1267 2137 1363 2202 Mitte
1386 2137 1500 2226 potius

346 2295 349 2300 .
373 2229 586 2332 'legationem
604 2252 638 2304 et
654 2237 828 2318 tributum,
847 2239 937 2328 quod
959 2233 1020 2303 tib'i
1044 2237 1139 2303 annis
1163 2238 1303 2330 singulis
1320 2238 1497 2318 dissolvat,

385 2349 527 2439 inpone,
546 2358 583 2410 ut
599 2357 631 2410 et
646 2343 737 2435 regio
756 2341 844 2407 salva
863 2341 922 2422 sit,
948 2354 981 2405 et
1005 2355 1040 2406 tu
1059 2343 1184 2407 tributa
1209 2340 1403 2408 dissolventi
1425 2367 1500 2432 per·
1590 2331 1591 2350 ¹

384 2464 486 2540 petuo
495 2439 688 2514 domineris.
702 2446 799 2529 Quod
811 2445 838 2510 si
848 2443 1006 2526 noluerit,
1019 2457 1098 2508 tnnc
1107 2443 1197 2534 quod
1205 2443 1343 2509 libuerit
1356 2444 1469 2509 iacies.
1482 2475 1498 2510 u

386 2557 459 2638 Quo
479 2550 618 2616 consilio
638 2573 694 2614 rex
717 2546 870 2636 accepto,
897 2548 1027 2612 hostem
1049 2545 1158 2611 redire
1173 2546 1268 2612 iubet
1287 2547 1327 2611 ad
1348 2547 1497 2636 propria.
1518 2575 1546 2613 so

385 2659 478 2722 Tunc
504 2653 603 2718 missa
625 2649 791 2742 legatione
811 2649 852 2714 ad
874 2648 1133 2728 Gundebadum‚
1163 2660 1198 2714 ut
1217 2648 1247 2712 ei
1267 2674 1327 2738 per
1348 2650 1502 2740 singulos

370 2781 490 2836 ,annos
516 2753 640 2819 tributa
668 2750 814 2841 inposita
844 2751 985 2816 reddere
1009 2751 1148 2828 debeat,
1176 2749 1280 2814 iubet.
1307 2751 1349 2815 At
1374 2750 1431 2814 illi*
1458 2751 1502 2816 de
1589 2831 1590 2848 Χ

385 2859 554 2948 praesenti
570 2856 667 2921 solvit
685 2868 717 2918 et
732 2853 892 2943 deinceps
910 2851 1105 2918 solviturum
1125 2877 1159 2916 se
1179 2876 1251 2917 esse
1269 2854 1445 2942 promittit.

429 3041 551 3107 XXIIII
568 3037 644 3127 (33).
666 3039 748 3102 Post¹
764 3037 847 3100 haec
863 3035 1042 3124 resumptis
1059 3035 1205 3112 viribus,
1229 3035 1294 3097 iam
1314 3033 1503 3122 dispiciens

385 3145 457 3235 regi
473 3141 708 3240 Cdlodovecho
721 3141 847 3204 tributa
861 3139 1026 3228 promissa
1043 3137 1242 3216 dissolvere,
1257 3148 1371 3199 contra
1390 3137 1502 3202 Gode-
1518 3167 1547 3204 25

385 3246 526 3340 giselum
548 3245 682 3308 fratrem
710 3266 803 3307 suurn
829 3241 1010 3306 exercitum
1032 3247 1216 3304 commovet
1242 3261 1382 3326 eumque
1411 3242 1502 3328 apud

385 3347 546 3418 Viennam
574 3349 740 3413 civitatem
765 3343 931 3409 inclusum
958 3342 1102 3408 obsedit.
1133 3344 1255 3408 Verum
1280 3341 1338 3404 ubi
1371 3340 1503 3406 minore

363 3429 510 3543 ¹'populo
531 3451 686 3518 alimenta
711 3447 863 3512 defecere
886 3457 1088 3534 coeperunt,
1107 3441 1229 3507 timens
1255 3443 1500 3533 Godegiselus,

386 3581 427 3620 ne
452 3555 492 3620 ad
512 3579 547 3620 sc
572 3577 676 3642 usque
703 3550 805 3615 fames
831 3547 1079 3625 extenderetur,
1110 3546 1208 3610 iussit
1231 3545 1352 3635 expelli
1378 3547 1503 3612 minori

386 3658 510 3747 populo
526 3659 567 3721 ab
587 3658 679 3721 urbe.
699 3657 772 3737 Quo
797 3652 901 3731 facto,
922 3648 1079 3740 expulsus
1098 3661 1148 3713 est
1168 3649 1257 3712 inter
1273 3662 1402 3714 ceteros
1423 3651 1502 3715 arti·
1519 3677 1548 3716 ao

363 3749 438 3828 ¹fer
455 3758 531 3840 ille,
555 3757 607 3823 cui
631 3759 672 3823 de
699 3755 907 3846 aquaeducto
930 3773 1009 3819 cura
1033 3752 1199 3816 manebat.
1227 3751 1286 3816 Ille
1307 3777 1386 3818 vero
1410 3752 1503 3818 indi·

362 3851 365 3858 ’
385 3889 511 3958 gnans,
531 3886 589 3927 cur
608 3860 707 3925 suerit
729 3858 854 3923 eiectus
871 3859 911 3921 ab
929 3856 1012 3920 urbe
1036 3879 1109 3920 eum
1132 3854 1270 3936 ceteris,
1294 3855 1336 3918 ad
1360 3856 1504 3921 Gundo-

386 3969 508 4034 badum
532 3963 730 4030 furibundus
754 3962 863 4038 vadit,
894 3958 1064 4036 indicans,
1094 3956 1238 4046 qualiter
1264 3957 1431 4024 civitatem
1452 3961 1505 4024 in-

386 4092 543 4159 rumpens
572 4067 732 4132 ultioucm
758 4075 927 4129 exerceret
952 4063 985 4125 in
1013 4062 1123 4126 tratre.
1155 4061 1215 4126 Illo
1251 4085 1383 4151 quoque
1415 4063 1506 4128 duce
1587 4087 1588 4158 p

386 4173 566 4240 exercitum
582 4194 641 4259 per
656 4167 863 4258 aquaeducto
879 4164 1055 4252 directum,
1073 4165 1185 4228 multis
1206 4187 1280 4228 cum
1297 4165 1413 4228 ferreis
1428 4189 1507 4230 vec·
1524 4193 1553 4232 as
1587 4159 1588 4208 l

360 4265 364 4272 ’
385 4273 476 4340 tibus
497 4269 786 4362 praecidentibus,
813 4280 883 4332 crat
909 4279 1017 4330 autern
1046 4265 1246 4354 spiraculum
1275 4265 1364 4330 illius
1389 4266 1507 4355 lapide

387 4399 507 4468 magno
526 4373 735 4453 conclusum3
754 4394 819 4459 quo
835 4394 908 4435 cum
927 4370 1061 4435 vectibu
1077 4367 1182 4434 sillius
1196 4393 1259 4458 per
1273 4368 1508 4458 magisterium
