3256 5144
419 514 586 566 HISTORIAE
603 515 805 567 FRANCORUM
822 515 919 568 LIBER
937 517 966 564 V.
1212 517 1256 561 183

134 631 276 721 coniuge
294 633 480 698 resedebat.
508 636 600 699 Tunc
625 634 870 718 Chlodoveum,
900 632 1004 697 filium
1023 657 1137 713 snum,
1161 630 1256 696 Brin-

133 755 272 813 nacum,
294 735 437 799 faciente
454 735 590 826 regina,
620 735 823 815 transmisit,
843 747 880 800 ut
898 734 1027 830 scilicet
1045 735 1117 822 ipse
1134 736 1174 798 ab
1192 735 1256 798 hoc

134 835 271 900 interitu
288 837 470 925 deperiret.
492 837 645 904 Graviter
663 837 709 902 ibi
733 837 785 902 his
809 838 927 903 diebus
945 840 1081 902 morbus
1104 836 1177 915 ille,
1200 835 1256 926 qui

134 937 482 1018 sratresinterficerat,
504 938 686 1020 saeviebat3
708 941 767 1004 sed
786 939 870 1003 nihil
892 939 1018 1004 ibidem
1039 936 1322 1028 inllccmmcdi'cot.
1337 961 1390 1008 250.

107 1039 283 1126 spertulit.
307 1043 382 1130 Ipse
414 1037 503 1106 enim
531 1066 589 1107 rex
617 1041 729 1106 Calam
762 1041 948 1106 Parisiacae
974 1039 1116 1106 civitatis
1145 1039 1257 1105 villam
1379 1057 1382 1064 ’

135 1143 279 1207 advenit.
308 1147 388 1208 Post
411 1169 535 1233 paucos
562 1170 639 1210 vero
673 1145 745 1209 dies
770 1145 998 1210 Chlodoveum
1021 1143 1061 1206 ad
1086 1167 1120 1206 se
1143 1143 1257 1206 venire

134 1243 315 1333 praecipit3
343 1244 395 1310 cui
418 1247 525 1335 qualis
550 1247 706 1312 interitus
730 1246 849 1325 fuerit,
875 1245 988 1310 dicere
1015 1268 1081 1309 non
1114 1244 1255 1333 pigebit.

134 1346 240 1436 Igitur
267 1371 342 1411 cum
364 1347 398 1411 in
423 1349 649 1436 supradictam
675 1348 786 1413 villam
810 1347 897 1442 apud
924 1359 1052 1436 patrem
1077 1347 1256 1424 habitaret,

135 1448 249 1536 coepit
265 1451 450 1515 inmaturae
466 1450 590 1517 iactare
604 1451 656 1516 vel
674 1451 787 1516 dicere
806 1476 811 1513 :
828 1477 844 1513 «
858 1452 956 1529 Ecce,
975 1461 1123 1514 mortuos
1141 1449 1258 1512 fratres

95 1573 120 1614 rc
135 1573 238 1633 meos,
257 1551 297 1615 ad
314 1574 365 1616 me
379 1553 503 1618 restitit
516 1576 647 1618 omnem
665 1577 824 1643 regnum3
843 1535 924 1616 milii
940 1551 1113 1616 universae
1132 1550 1259 1616 Galliae

134 1653 356 1733 subiciantur,
397 1655 642 1745 imperiumque
678 1656 870 1720 universum
898 1649 986 1718 'mihi
1020 1653 1105 1718 lata1
1141 1653 1258 1744 largita

132 1757 225 1820 sunt!
256 1758 343 1820 Ecce
365 1756 510 1852 inimicis
532 1757 567 1822 in
592 1781 691 1822 manu
712 1757 840 1848 positos
863 1757 1003 1821 inferam
1030 1779 1258 1844 quaecumque

130 1855 311 1946 placuerit!
335 1887 352 1920 n
374 1860 492 1925 Sedet
511 1859 553 1924 de
569 1883 711 1926 noverca
729 1883 787 1924 sua
803 1859 1046 1948 Fredegundae
1064 1858 1258 1947 reginanou

131 1959 354 2026 condecibilia
377 1963 597 2026 detractabat.
625 1965 718 2046 Quae
742 1962 798 2026 illa
825 1959 983 2039 audiens,
1004 1983 1126 2047 pavore
1154 1959 1258 2024 nimio

91 2084 116 2124 15
130 2064 329 2128 terrebatur.
363 2067 444 2130 Post
471 2063 543 2128 dies
569 2089 646 2128 vero
672 2063 808 2152 aliquod
841 2061 1022 2127 adveniens
1050 2062 1185 2151 quidem
1213 2061 1260 2124 ait

131 2164 268 2254 reginae
286 2191 292 2229 τ
313 2192 329 2228 a
348 2167 392 2232 Ut
406 2168 522 2231 orbata
540 2166 581 2231 de
602 2165 679 2230 filiis
697 2168 827 2245 sedeas,
845 2166 959 2230 dolum
976 2165 1011 2229 id
1030 2163 1257 2229 Chlodovechi

131 2279 181 2330 est
215 2279 400 2356 operatum.
433 2271 516 2335 Nam
553 2269 626 2357 ipse
661 2269 906 2357 concupiscens
934 2269 1033 2334 unius
1063 2267 1257 2332 ancillarum

129 2381 261 2434 tuarum
281 2371 402 2449 liliam,
424 2370 597 2436 maleficiis
619 2384 695 2436 tuos
715 2395 776 2459 per
798 2382 936 2435 matrem
955 2369 1026 2435 eius
1049 2367 1135 2433 filios
1152 2371 1256 2448 inter-

130 2470 225 2550 fecit3
251 2470 396 2562 ideoque
423 2496 560 2552 moneo,
585 2495 627 2536 ne
656 2497 770 2561 speres
801 2473 842 2536 de
867 2483 899 2536 tc
925 2471 1062 2551 melius,
1085 2496 1158 2536 cum
1193 2469 1255 2536 tibi

90 2595 115 2634 ac
131 2595 208 2660 spes
225 2597 286 2662 per
310 2598 408 2663 quam
432 2598 573 2664 regnare
594 2575 758 2639 debueras
780 2573 823 2638 sit
840 2573 960 2637 ablate.
986 2599 1001 2635 n
1029 2575 1122 2638 Tunc
1140 2571 1255 2662 regina

129 2675 249 2740 timore
262 2675 453 2763 perterrita,
463 2677 574 2740 furore
587 2676 782 2762 succensa,'{l
794 2699 877 2740 nova
892 2677 1034 2740 orbitate
1051 2687 1252 2762 conpuncta,
1265 2685 1320 2734 Fot.
1335 2688 1372 2735 76.

130 2779 395 2866 adpraehensam
414 2777 577 2865 puellam,
597 2778 632 2842 in
652 2802 717 2866 qua
742 2777 857 2842 oculos
882 2777 1044 2841 iniecerat
1066 2775 1254 2840 Chlodove-

131 2882 225 2958 chus,
246 2879 392 2970 graviter
406 2881 626 2958 verberatam,
647 2879 750 2944 incidi
769 2903 896 2944 comam
913 2879 1032 2967 capitis
1048 2877 1119 2943 eius
1139 2876 1252 2953 iussit;

131 2980 262 3046 absciso
302 2981 383 3046 sude
418 2980 598 3068 inpositam
635 2980 736 3071 defigi
778 2994 855 3046 ante
893 2993 1051 3044 metatum
1090 2977 1256 3068 praecipit

89 3105 115 3145 aa
131 3078 370 3146 Chlodovechi.
386 3081 524 3144 Matrem
537 3104 671 3169 quoque
686 3079 817 3168 puellae
830 3079 1010 3168 relegatam
1029 3091 1061 3142 et
1078 3075 1254 3140 tormentis

130 3183 367 3261 decruciatam‚
381 3181 497 3248 elicuit
510 3183 551 3246 ab
567 3207 606 3246 ea
621 3181 878 3270 professionem,
898 3205 982 3268 quae
1000 3182 1062 3244 hos
1082 3203 1254 3243 sermones

129 3307 224 3350 veros
245 3307 318 3348 esse
332 3283 489 3348 firmaret.
509 3282 592 3372 Regi
607 3282 683 3348 exin
701 3285 784 3349 haec
799 3295 831 3348 et
845 3284 907 3348 alia
925 3279 1157 3348 huiuscemodi
1176 3280 1255 3345 insi-

131 3409 253 3465 nuans,
282 3383 464 3449 vindictam
495 3386 537 3449 de
565 3385 794 3450 Chlodoveum
817 3383 984 3474 poposcit.
1015 3386 1108 3448 'sune
1136 3405 1193 3446 rex
1219 3382 1252 3445 in

131 3485 305 3552 venatione
324 3487 487 3569 directus,
509 3511 584 3551 eum
602 3485 767 3576 praecipit
791 3484 952 3556 arcessire
978 3485 1151 3551 secretius.
1180 3487 1254 3566 Quo

88 3619 115 3654 no
131 3589 346 3669 adveniente,
364 3615 404 3654 ex
419 3589 511 3655 iussu
529 3590 618 3679 regis
637 3591 887 3678 adpraehensus
906 3589 940 3652 in
964 3589 1102 3653 manicis
1123 3586 1254 3651 aDesi-

131 3693 225 3758 deric
238 3703 336 3779 atque
354 3693 493 3756 Boboue
512 3691 670 3770 ducibus,
692 3693 838 3758 nudatur
854 3689 953 3755 armis
974 3703 1007 3755 et
1027 3692 1193 3769 vestibus,
1217 3712 1254 3754 ac

131 3795 187 3858 vili
212 3793 409 3858 indumento
439 3806 612 3858 contectus
634 3793 646 3884 Η
669 3794 805 3882 reginae
831 3794 964 3860 vinctus
984 3793 1178 3859 ¹adducitur.
1211 3793 1254 3860 rlt
1264 3818 1318 3864 cot.
1332 3817 1386 3865 251.

132 3897 188 3962 illa
212 3895 247 3960 in
277 3895 427 3959 custodia
450 3917 526 3960 eum
546 3895 691 3960 retinere
712 3896 894 3984 praecipit,
922 3898 975 3961 et²
998 3897 1130 3962 edicere
1153 3898 1253 3960 abeo

132 4000 283 4090 cumeae,
304 3998 332 4062 si
347 3999 429 4062 haec
449 3996 495 4062 ita
513 4009 550 4061 ut
567 3999 718 4062 audierat
734 4009 768 4062 s'e
785 4000 966 4078 haberent,
990 3999 1041 4064 vel
1067 3999 1160 4062 cuius
1179 4021 1255 4062 con·

90 4129 116 4166 aa
133 4101 242 4166 silium
266 4123 347 4164 usus
375 4098 498 4179 fuerat,
530 4111 586 4163 aut
610 4098 704 4168 euius
731 4101 813 4164 haec
842 4100 1004 4167 instinctu
1033 4099 1180 4178 lecisset,
1204 4100 1256 4164 vel

133 4227 207 4268 cum
232 4201 355 4290 quibus
375 4200 516 4265 maxime
540 4200 704 4267 amicitias
732 4203 954 4293 conlegasset
983 4202 1026 4266 At
1047 4202 1103 4266 ille
1129 4201 1256 4289 reliqua

165 4397 185 4444 l.
205 4395 269 4444 Fata
282 4411 391 4443 erasnm.
402 4425 433 4434 --
451 4398 473 4446 2.
488 4397 519 4444 Et
529 4413 638 4447 eruerem.
