3238 5140
433 461 598 510 HISTORIAE
616 461 817 510 FRANCORUM
833 463 929 511 LIBER
948 464 965 510 1.
1240 459 1267 506 21

150 586 207 628 tam
224 596 238 627 a
253 595 305 643 quo
322 578 452 642 petierant
468 577 588 634 domum,
613 577 769 626 Leucadium
792 579 922 652 quendam
946 586 970 626 et
989 579 1104 641 primum
1124 577 1269 626 Galliarum

151 647 313 700 senatorem,
332 641 376 706 qui
395 641 427 688 da
447 641 528 704 stirpe
543 640 614 687 Vecti
637 641 748 703 Epagati
772 641 832 698 furt,
853 657 929 704 quem
953 641 1079 704 Lugduno
1101 656 1209 714 passum
1221 656 1269 703 pro

150 704 251 752 Christi
263 704 368 752 nomine
379 703 498 766 superius
511 702 722 758 memoravimus,
732 711 892 766 repererunt.
908 703 955 750 Cui
965 719 1024 751 cum
1034 703 1185 766 petitionem
1196 719 1270 750 suam

150 773 178 814 et
189 765 269 814 fidem
277 766 378 829 pariter
387 765 560 820 intimassent,
574 764 619 812 ille
629 764 764 827 respondit
774 781 779 812 ε
793 783 805 812 a
815 767 842 813 Si
854 766 924 812 enim
934 765 1026 813 domus
1038 781 1103 822 mea,
1112 780 1191 828 quam
1199 765 1269 828 apud

118 832 133 870 5
149 829 293 876 Bituricam
308 829 400 876 urbem
412 828 508 884 habeo,
519 827 580 874 huic
597 828 669 890 aperi
685 826 765 890 digna
781 835 861 883 esset,
875 835 1009 890 praestare
1024 843 1075 874 non
1088 827 1268 874 abnueham.1›

149 891 193 939 Illi
214 897 301 938 autem
317 889 464 944 audientes,
486 889 598 952 pedibus
618 889 673 936 eius
695 891 833 952 prostratI,
856 890 951 938 oblatis
971 889 1087 937 tricentis
1108 889 1193 936 aureis
1210 905 1269 936 cum

148 953 223 1002 disco
236 959 372 1018 argentea,
385 952 474 999 dicunt
484 967 542 1000 earn
551 951 612 998 huic
628 952 751 1014 mysterio
762 969 819 999 esse.
832 953 997 1016 condignam.
1010 951 1084 1008 Quod
1091 951 1144 1003 ille.
1155 951 1268 1015 acceptis

149 1015 182 1063 de
203 1015 245 1064 his
263 1016 349 1064 trihus
367 1015 453 1063 aureis
471 1031 520 1088 pro
544 1013 735 1070 benedictione,
759 1014 899 1062 clementer
919 1015 1058 1076 indulgens
1080 1014 1193 1077 reliqna,
1210 1030 1269 1062 cum

149 1077 235 1126 adhuc
248 1085 318 1125 esset
332 1078 358 1124 in
371 1091 458 1124 errore
469 1076 607 1124 idolatriae
622 1075 769 1139 inplicitus,
784 1077 942 1125 christianus
956 1078 1052 1134 lactus,
1071 1075 1177 1124 domum
1194 1093 1268 1124 suam

104 1144 132 1182 ¹⁰
150 1141 211 1189 lecit
225 1140 387 1188 aecclesiam.
403 1141 471 1186 Haec
489 1145 528 1186 est
545 1155 613 1186 nunc
628 1139 737 1186 ecclesia
752 1138 822 1202 apud
834 1137 963 1187 Bituricae
978 1139 1069 1186 urbem
1086 1138 1184 1202 prima,
1202 1139 1268 1187 miro

148 1219 227 1268 opere
241 1203 377 1266 conposita
387 1207 413 1249 et
423 1201 503 1265 primi
516 1207 644 1264 martyres
658 1201 783 1265 Stephani
796 1201 914 1266 reliquiis
926 1201 1079 1249 inlustrata.

193 1398 345 1464 XXVIIII
361 1395 437 1482 (32).
451 1395 642 1461 Vicensimc
657 1395 798 1482 septimo
809 1397 884 1461 Ioco
894 1396 1088 1472 Valerianus
1102 1408 1136 1461 et
1147 1397 1265 1463 Gallie·
1278 1407 1332 1456 Col.
1347 1409 1386 1457 25·

147 1523 212 1566 nus
238 1501 422 1564 Romanum
447 1497 623 1586 imperium
645 1510 723 1562 sunt
744 1498 875 1587 adepti,
895 1498 977 1588 qui*2
995 1521 1128 1589 gravem
1151 1513 1266 1565 contra

148 1601 359 1668 Christianos
375 1597 643 1690 persecutionem
662 1625 721 1666 suo
737 1613 888 1690 tempore
901 1613 1160 1666 commoverunt.
1173 1604 1265 1691 Tunc

102 1729 129 1768 15
147 1708 272 1770 Romae
291 1703 476 1769 Cornilius3
487 1717 520 1768 et
528 1705 714 1792 Cyprianus
725 1705 960 1795 Carthaginem
974 1703 1089 1768 felice4
1104 1704 1265 1795 sanguine

146 1806 379 1872 inlustrarunt.
395 1805 519 1871 Horum
539 1819 689 1895 tempore
708 1819 740 1870 et
759 1807 908 1871 Chrocus
930 1805 986 1870 ille
1000 1806 1264 1872 ‘Alamannorum

147 1934 215 1991 rex,
235 1913 405 1974 commotu
415 1907 582 1988 exercitu,
598 1908 722 1974 Gallias
740 1910 941 1998 pervagavit.
962 1910 1021 1974 Hic
1038 1922 1146 1973 autem
1162 1909 1264 1974 Chro-

146 2036 205 2077 cus
224 2010 345 2077 multae
363 2011 572 2101 arrogantiae
592 2010 696 2076 fertur
714 2010 828 2075 luisse.
852 2012 1004 2095 Quicum
1025 2011 1185 2075 nonnulla
1205 2011 1264 2075 ini-

146 2138 231 2203 quae
256 2113 433 2204 gessisset,
460 2137 520 2200 per
546 2112 739 2193 consilium,
773 2124 810 2177 ut
836 2112 944 2192 aiunt,
974 2112 1087 2177 matris
1111 2113 1261 2201 iniquae,

99 2217 339 2296 recollectam,
370 2228 407 2280 ut
438 2215 601 2294 diximus,
631 2216 889 2281 Alamannorum
916 2228 1068 2307 gentem,
1095 2217 1264 2280 universas

145 2320 271 2386 Gallias
285 2331 485 2409 pervagatur
504 2331 709 2408 cunctasque
730 2319 846 2397 aedae,
865 2342 948 2408 quae
964 2318 1148 2408 antiquitus
1167 2317 1264 2382 fabri·

144 2433 238 2487 eatae
270 2422 426 2497 ,fuerant,
468 2445 483 2484 a
521 2419 747 2485 fundamentis
789 2421 962 2485 subvertit.
1008 2420 1153 2488 Veniens
1185 2445 1264 2484 vero

143 2525 329 2604 Arvernus,
366 2522 553 2612 delybrium
577 2522 680 2601 illud,
720 2522 809 2611 quod
845 2523 965 2612 gallica
998 2521 1112 2611 lingua
1156 2525 1262 2589 Vassc

144 2625 281 2692 Galatae
298 2637 434 2702 vocant,
448 2625 617 2701 incendit,
636 2625 739 2691 diruit
760 2637 859 2712 atque
876 2626 1048 2689 subvertit.
1072 2625 1158 2690 Miro
1174 2623 1261 2688 enim

99 2753 128 2791 aa
143 2753 245 2816 opere
267 2727 387 2792 Iactum
405 2727 466 2791 fuit
478 2740 577 2816 atque
594 2727 769 2792 firmatum.
789 2728 890 2792 Cuius
908 2726 1018 2814 paries
1033 2726 1157 2815 duplex
1172 2739 1259 2804 erat,

136 2832 185 2928 ab
204 2832 294 2895 intus
309 2829 397 2893 enim
414 2829 455 2893 de
473 2829 600 2894 minuto
613 2829 740 2918 lapide,
755 2829 864 2893 aforis
878 2853 955 2894 vero
970 2830 1105 2918 quadris
1122 2828 1261 2918 sculptis

141 2932 339 2997 fabricatum
369 2930 440 2996 suit.
470 2931 593 2996 Habuit
625 2933 713 2996 enim
747 2931 856 3019 paries
891 2931 971 2995 ilIe5
999 2929 1260 3020 grossitudinem

141 3034 246 3122 pedes
261 3033 409 3124 triginta.
427 3032 633 3098 Intrinsecus
648 3058 727 3098 vcro
744 3057 905 3097 marmore
922 3057 958 3097 ac
974 3057 1088 3098 museo
1099 3032 1260 3097 variatum

141 3147 223 3200 erat.
247 3135 475 3200 Pavimentum
495 3159 628 3224 quoque
647 3136 739 3200 aedis
758 3159 921 3199 marmore
943 3147 1099 3212 stratum,
1117 3132 1261 3222 desuper
1353 3203 1356 3206 ,

100 3263 127 3302 aa
141 3261 220 3302 vero
240 3237 413 3326 plumbum
432 3248 568 3302 tectum.

172 3445 210 3492 33.
230 3444 305 3492 quta
320 3442 388 3490 hanc
404 3443 497 3490 urbem
514 3443 641 3490 Liminius
661 3443 865 3507 Antolianusqne
885 3450 1013 3507 martyres
1031 3443 1204 3516 requiescunt.
1223 3444 1262 3492 Ibi

141 3507 250 3555 Cassius
264 3522 294 3554 ac
308 3504 456 3552 Victorinus
470 3505 496 3551 in
512 3503 649 3552 dilectione
667 3505 765 3553 Christi
783 3507 898 3554 fraterno
913 3506 1007 3554 affectu
1020 3506 1123 3564 socrati,
1131 3522 1184 3614 per
1196 3506 1262 3553 effu-

141 3571 242 3618 sionem
255 3568 356 3616 cruoris
370 3567 471 3631 proprii
484 3569 616 3616 caelorum
630 3584 711 3631 regna
723 3569 822 3631 pariter
836 3575 896 3616 sunt
909 3568 1005 3632 adepti.
1019 3569 1084 3616 Nam
1101 3585 1128 3616 re
1141 3576 1181 3616 ert
1192 3569 1261 3616 anti-

140 3633 228 3696 quitas
247 3630 409 3678 Victorinum
426 3646 531 3678 servum
546 3630 627 3678 luisse
646 3637 705 3678 anta
723 3631 785 3678 dicti
796 3631 888 3694 templi
904 3631 1056 3679 sacerdotis.
1070 3631 1194 3687 Quidum
1209 3633 1261 3678 Ire-

102 3709 127 3748 35
140 3701 249 3758 quenter
271 3693 370 3749 vicum,
391 3708 468 3756 quem
487 3691 696 3740 Christianorum
716 3700 822 3748 vocant,
837 3693 870 3740 ad
886 3694 1079 3766 persequendos
1099 3693 1261 3741 Christianos

141 3755 208 3813 adit,
224 3755 345 3803 Cassium
357 3770 403 3818 rep
424 3756 474 3802 erit
484 3757 494 3814 11
506 3754 686 3802 christianum.
696 3753 775 3802 Cuius
789 3754 1027 3828 praedicationibus
1040 3763 1117 3819 atque
1127 3756 1261 3804 miraculis
1272 3755 1329 3806 Coh
1343 3756 1381 3806 26.

141 3825 241 3876 motus,
262 3817 374 3864 credidit
390 3772 507 3874 Christo,
528 3816 677 3890 rellatisque
696 3818 815 3865 fanaticis
835 3817 956 3865 sordibus
978 3835 1007 3866 ac
1026 3819 1158 3882 baptismo
1170 3834 1262 3865 conse-

141 3887 243 3938 cratus,
255 3895 366 3942 magnus
376 3879 402 3927 in
409 3879 535 3927 virtutum
545 3885 695 3943 operatione
705 3880 805 3927 enituit.
815 3881 866 3928 Nec
877 3881 959 3928 multo
967 3886 1027 3944 post
1037 3897 1085 3944 per
1097 3880 1260 3943 martyrium,

141 3950 170 3992 ut
181 3942 309 3999 diximus,
318 3942 431 3989 interris
445 3942 545 4000 sociati,
560 3941 593 3989 ad
605 3941 727 3990 caelestia
737 3941 836 4005 pariter
848 3957 930 4006 regna
940 3949 1074 3991 venerunt.

176 4271 196 4318 I.
215 4271 307 4320 Matth.
321 4271 364 4325 21,
380 4271 418 4317 31.
431 4297 463 4306 -
474 4271 496 4317 2.
512 4274 582 4318 Corr.
596 4285 682 4336 quam.
696 4297 726 4309 --
738 4272 759 4316 3.
776 4272 845 4318 Corr.
861 4270 1004 4318 Cornelius.
1021 4297 1048 4307 —
1060 4272 1083 4318 h.
1100 4273 1168 4320 Corr.
1186 4270 1260 4321 lrlici.

144 4339 173 4370 -'
184 4337 206 4382 5.
225 4336 296 4382 Corr.
311 4333 353 4380 vel
366 4331 442 4396 [ill]a.
