3256 5144
346 457 391 504 216
633 453 792 503 ennoean
808 451 1017 502 TURONENSIS
1035 452 1186 502 EPISCOPI

211 561 330 636 Colace.
345 585 445 662 atque
471 570 635 652 Vellavis,
659 568 888 634 Avennionem
919 569 1011 633 abiit.
1036 569 1104 636 Sed
1124 580 1255 634 austum
1283 567 1471 660 Mumssmuli

343 697 443 740 naves
472 674 506 737 iu
536 673 675 740 Rodano
695 669 819 735 infirmi
847 672 1035 759 praeparati
1054 683 1148 751 sunt;
1180 670 1471 761 ascendentesque

345 773 554 864 simpliciter,
582 773 615 838 io
646 772 757 837 medio
792 773 897 836 amnis
932 786 1113 852 venerunt,
1147 772 1295 861 impletis
1329 771 1497 838 navibus'

344 877 591 966 mergebantur.
616 877 710 939 Tunc
731 873 765 937 in
784 873 935 961 periculo
955 873 1076 961 positi,
1106 873 1162 939 alii
1187 874 1334 940 natando
1355 897 1471 938 evase-

336 988 436 1056 runt,
466 976 621 1040 nonnulli
646 999 725 1040 vcro
749 975 891 1062 arreptis
913 977 948 1039 in
982 975 1130 1063 ipsarum
1163 976 1295 1040 navium
1321 974 1499 1053 tabulis,s

343 1077 534 1167 adtigerunt
549 1077 639 1141 litus.
661 1075 816 1164 Plerique
839 1088 967 1156 autem,
998 1101 1139 1164 quorum
1164 1075 1275 1140 minor
1295 1075 1359 1140 fuit
1381 1089 1469 1141 astu·

342 1177 409 1256 cia,
432 1177 466 1242 in
482 1177 581 1242 llnvio
599 1176 745 1242 demersi
764 1190 852 1242 sunt.
875 1179 1149 1243 Guntchramnus
1164 1203 1243 1242 vero
1255 1178 1323 1242 dux
1334 1177 1470 1244 advenit

341 1279 523 1346 Avenione.
562 1279 758 1345 Providerat
788 1279 877 1344 enim
919 1280 1137 1358 Mummolus,
1171 1292 1349 1368 postquam
1380 1278 1470 1344 intra

342 1407 454 1447 murus
474 1384 568 1447 urbis
586 1381 675 1446 illius
694 1394 745 1445 est
761 1381 944 1470 ingressuS,
969 1395 1005 1446 ut
1023 1381 1100 1472 quia
1119 1407 1198 1472 pars
1216 1405 1315 1470 parva
1337 1381 1469 1447 resede-

341 1485 414 1563 bat,
441 1509 528 1572 quae
553 1508 620 1548 non
642 1483 815 1548 valebatur
835 1484 876 1548 ad
900 1484 1086 1564 Rodanum,
1117 1497 1170 1562 ut,
1196 1484 1350 1548 eductam
1368 1508 1407 1548 ex
1428 1508 1468 1548 eo
1485 1510 1511 1547 ro

340 1586 586 1674 partcm‚locus
607 1585 766 1649 illetotus
782 1586 901 1650 exhor
920 1585 1012 1650 alveo
1030 1585 1235 1664 muniretur3
1253 1585 1287 1649 in
1306 1611 1372 1674 quo
1392 1586 1468 1650 loco

340 1687 445 1752 fossas
473 1687 584 1777 magni
609 1687 897 1775 profunditudinis
926 1687 1028 1766 fodit,
1058 1701 1342 1776 praeparatosque
1371 1687 1469 1752 dulos

340 1813 425 1878 aqua
449 1789 632 1854 decurrens
651 1788 817 1876 oeperuit.
844 1793 868 1854 Τ
872 1813 954 1866 une,
978 1789 1175 1854 adveniente
1194 1791 1467 1866 Guntchramno,

340 1890 386 1955 ait
403 1915 443 1955 ex
459 1915 553 1955 muro
571 1891 772 1957 Mummolus
797 1917 802 1954 :
828 1918 844 1955 a
868 1889 904 1956 Si
929 1891 1013 1956 fides
1034 1905 1085 1956 cst
1104 1893 1252 1980 integra,
1280 1890 1392 1956 veniat
1412 1891 1469 1956 ille

341 1994 382 2057 ab
398 2018 460 2057 una
478 2007 571 2080 parte
589 1995 675 2080 ripe,
695 2005 728 2058 et
744 2019 807 2080 ego
824 2017 864 2058 ex
884 1993 964 2071 alia,
983 1994 1073 2083 quod
1097 1993 1241 2058 voluerit
1258 1993 1424 2081 loquatur.
1451 2019 1467 2054 a
1485 2019 1512 2056 rs

342 2096 438 2178 Quod
460 2120 533 2159 curn
549 2095 715 2181 venisset,
738 2094 783 2158 ait
799 2098 1072 2162 Guntehramnus
1092 2108 1220 2173 contra,
1240 2134 1279 2144 -
1298 2097 1362 2160 hoc
1379 2097 1469 2160 enim

342 2198 516 2262 brachium
533 2196 679 2261 lluminis
701 2197 788 2261 inter
803 2210 981 2286 utrumque
999 2197 1012 2287 ll
1030 2210 1100 2262 erat
1125 2197 1272 2286 positum
1293 2237 1337 2247 —
1359 2224 1366 2261 :
1391 2225 1408 2260 a
1433 2198 1469 2264 Si

341 2297 437 2375 licet,
470 2298 606 2387 inquid,
636 2299 772 2377 vadam,
802 2298 878 2387 quia
915 2312 994 2363 sunt
1025 2300 1135 2387 aliqua
1165 2324 1249 2389 quae
1280 2298 1369 2365 inter
1407 2325 1469 2365 nos

344 2400 505 2466 secretius
524 2401 751 2465 conserantur.
775 2425 791 2460 a
812 2401 873 2464 Cui
893 2399 950 2464 ille
970 2427 975 2463 :
1002 2428 1017 2462 a
1037 2402 1138 2480 Veni,
1157 2400 1219 2480 ait,
1240 2400 1430 2467 netimeas.
1451 2430 1466 2464 a

344 2504 519 2592 Ingressus
543 2527 616 2566 cum
638 2527 705 2566 uno
732 2501 913 2566 amicorum
945 2527 1080 2567 suorum
1109 2541 1150 2552 -
1182 2516 1215 2567 et
1247 2516 1318 2568 erat
1346 2503 1471 2569 loricae
1485 2531 1514 2568 20

344 2603 494 2692 pondere
516 2603 714 2691 adgravatus
734 2641 777 2651 —-
799 2602 877 2669 ilico
906 2605 1031 2668 amicus
1051 2603 1127 2680 ille,
1158 2616 1194 2667 ut
1216 2605 1342 2668 foveam
1363 2605 1471 2669 amuis

345 2704 475 2794 attigit,
511 2707 572 2768 sub
606 2704 700 2793 aquis
733 2705 906 2770 demersus
938 2730 1101 2794 nusquam
1136 2707 1322 2793 conparuit.
1362 2710 1470 2772 Gunt-

346 2809 524 2871 chramnus
558 2830 632 2870 cum
663 2807 917 2896 demergeretur
940 2808 981 2871 ab
1017 2808 1105 2871 unda
1142 2808 1267 2886 veloci,
1305 2834 1391 2873 unus
1428 2809 1471 2874 de

347 2907 569 2982 adstantibus,
585 2920 773 2995 porrectam
789 2909 846 2971 uni
864 2909 934 2972 eius
947 2910 1089 2987 hastam,
1105 2934 1179 2973 eum
1194 2908 1292 2974 litore
1308 2909 1468 2975 reddidit.

348 3014 389 3076 Et
407 3023 504 3088 tunc,
520 3008 631 3073 inlatis
651 3009 713 3073 sibi
732 3009 902 3087 convitiis,
925 3011 998 3099 ipse
1015 3011 1067 3076 vel
1088 3012 1290 3077 Mummolus
1308 3013 1471 3076 discesse·
1486 3038 1513 3077 2⁵

349 3126 437 3177 runt.
462 3111 648 3176 Obsideute
673 3136 806 3199 quoque
828 3114 1118 3177 Guotcbramnum
1136 3113 1242 3201 ipsam
1262 3116 1377 3178 urbem
1396 3137 1470 3178 rum
1514 3164 1517 3172 ,

349 3214 496 3279 exercitu
522 3213 745 3279 Gunthramni
775 3214 882 3303 regis,
903 3215 1053 3279 nuntiata
1078 3229 1155 3280 suut
1171 3218 1253 3281 haec
1271 3216 1472 3282 Childeber-

349 3329 394 3380 to.
425 3318 467 3380 At
499 3317 556 3381 ille
585 3317 633 3379 ira
665 3329 868 3398 commotus,
901 3341 987 3404 quur
1011 3319 1093 3383 haec
1117 3343 1183 3382 non
1210 3321 1320 3385 iussus
1339 3330 1470 3410 ageret,

350 3418 556 3484 Gundullum
573 3415 730 3504 ¹superius
749 3417 874 3482 dictum
893 3418 973 3482 illuc
991 3419 1123 3484 direxit.
1145 3420 1229 3504 Qui,
1254 3419 1472 3486 amota‘obsi-

349 3519 465 3598 dione,
487 3520 702 3584 blummolnm
719 3521 886 3585 Arvernus
907 3520 1056 3585 adduxit.
1077 3523 1143 3587 Sed
1164 3535 1241 3610 post
1260 3548 1383 3612 [tetricos
1400 3522 1473 3587 dics
1488 3547 1514 3586 ao

350 3621 545 3686 Avennione
563 3646 735 3712 regressus
756 3636 816 3688 est.

215 3833 269 3881 Cot.
284 3833 337 3879 301,
394 3806 515 3869 XVllll
535 3803 611 3890 (27).
629 3802 840 3891 Chilpericus
857 3829 914 3869 rex
934 3803 948 3894 11
971 3804 1101 3893 pridem
1123 3827 1219 3892 quam
1240 3805 1363 3892 pascha
1384 3805 1473 3875 cele-

351 3907 516 3980 braretur,
530 3904 676 3969 Parisios
695 3904 787 3969 abiit.
807 3909 847 3970 Et
863 3919 898 3970 ut
915 3906 1142 3984 maledictum,
1161 3908 1250 3994 qaod
1267 3906 1299 3970 in
1317 3905 1473 3994 pactione

351 4032 408 4073 sua
425 4008 477 4072 vel
498 4009 634 4072 fratrum
653 4031 787 4072 suorum
811 4011 1039 4074 conseribtam
1063 4021 1149 4086 erat,
1172 4021 1206 4073 ut
1226 4008 1337 4073 nullus
1359 4033 1472 4074 corum

350 4110 496 4176 Parisius
516 4109 587 4174 sine
606 4109 742 4175 alterius
761 4110 932 4176 voluntate
952 4111 1199 4200 ingrederetur,
1220 4134 1333 4176 carere
1350 4111 1471 4200 possit,
1488 4137 1515 4176 as

350 4211 508 4302 reliquias
534 4224 724 4277 sanctorum
749 4212 928 4277 multorum
956 4213 1249 4301 praecidentibus,
1276 4214 1393 4279 urbem
1420 4214 1473 4278 in-

349 4338 484 4406 gressus
503 4327 553 4380 est
572 4313 710 4404 diesque
734 4315 879 4403 paschae
904 4340 978 4381 cum
1004 4316 1106 4380 multa
1133 4316 1340 4382 iocunditate
1364 4317 1473 4382 tenuit
